@BOOK{MTW-1973,
       author = {{Misner}, Charles W. and {Thorne}, Kip S. and {Wheeler}, John Archibald},
        title = "{Gravitation}",
         year = 1973,
       adsurl = {https://ui.adsabs.harvard.edu/abs/1973grav.book.....M},
      adsnote = {Provided by the SAO/NASA Astrophysics Data System},
    isbn = "978-0-7167-0344-0, 978-0-691-17779-3",
        publisher = "W. H. Freeman",
    address = "San Francisco",
  }


@BOOK{Maggiore-2007,
       author = {{Maggiore}, Michele},
        title = "{Gravitational Waves: Volume 1: Theory and Experiments}",
         year = 2007,
          doi = {10.1093/acprof:oso/9780198570745.001.0001},
       adsurl = {https://ui.adsabs.harvard.edu/abs/2007gwte.book.....M},
      adsnote = {Provided by the SAO/NASA Astrophysics Data System}
}

@ARTICLE{Flanagan+Hughes-2005,
       author = {{Flanagan}, {\'E}anna {\'E}. and {Hughes}, Scott A.},
        title = "{The basics of gravitational wave theory}",
      journal = {New Journal of Physics},
     keywords = {Astrophysics, General Relativity and Quantum Cosmology},
         year = 2005,
        month = sep,
       volume = {7},
       number = {1},
        pages = {204},
          doi = {10.1088/1367-2630/7/1/204},
archivePrefix = {arXiv},
       eprint = {gr-qc/0501041},
 primaryClass = {astro-ph},
       adsurl = {https://ui.adsabs.harvard.edu/abs/2005NJPh....7..204F},
      adsnote = {Provided by the SAO/NASA Astrophysics Data System}
}


@ARTICLE{Romano+Allen-2024,
       author = {{Romano}, J.~D. and {Allen}, B.},
        title = "{Answers to frequently asked questions about the pulsar timing array Hellings and Downs curve}",
      journal = {Classical and Quantum Gravity},
     keywords = {pulsar timing, gravitational waves, Hellings and Downs correlation, General Relativity and Quantum Cosmology, Astrophysics - Instrumentation and Methods for Astrophysics},
         year = 2024,
        month = sep,
       volume = {41},
       number = {17},
          eid = {175008},
        pages = {175008},
          doi = {10.1088/1361-6382/ad4c4c},
archivePrefix = {arXiv},
       eprint = {2308.05847},
 primaryClass = {gr-qc},
       adsurl = {https://ui.adsabs.harvard.edu/abs/2024CQGra..41q5008R},
      adsnote = {Provided by the SAO/NASA Astrophysics Data System}
}


@ARTICLE{Isi-2023,
       author = {{Isi}, Maximiliano},
        title = "{Parametrizing gravitational-wave polarizations}",
      journal = {Classical and Quantum Gravity},
     keywords = {polarizations, gravitational waves, LIGO, Virgo, binary black holes, precession, General Relativity and Quantum Cosmology, Astrophysics - High Energy Astrophysical Phenomena},
         year = 2023,
        month = oct,
       volume = {40},
       number = {20},
          eid = {203001},
        pages = {203001},
          doi = {10.1088/1361-6382/acf28c},
archivePrefix = {arXiv},
       eprint = {2208.03372},
 primaryClass = {gr-qc},
       adsurl = {https://ui.adsabs.harvard.edu/abs/2023CQGra..40t3001I},
      adsnote = {Provided by the SAO/NASA Astrophysics Data System}
}


@ARTICLE{Rakhmanov-2009,
       author = {{Rakhmanov}, M.},
        title = "{On the round-trip time for a photon propagating in the field of a plane gravitational wave}",
      journal = {Classical and Quantum Gravity},
     keywords = {General Relativity and Quantum Cosmology},
         year = 2009,
        month = aug,
       volume = {26},
       number = {15},
          eid = {155010},
        pages = {155010},
          doi = {10.1088/0264-9381/26/15/155010},
archivePrefix = {arXiv},
       eprint = {1407.5376},
 primaryClass = {gr-qc},
       adsurl = {https://ui.adsabs.harvard.edu/abs/2009CQGra..26o5010R},
      adsnote = {Provided by the SAO/NASA Astrophysics Data System}
}


@ARTICLE{Hellings+Downs-1983,
       author = {{Hellings}, R.~W. and {Downs}, G.~S.},
        title = "{Upper limits on the isotropic gravitational radiation background from pulsar timing analysis.}",
      journal = {\apjl},
     keywords = {Background Radiation, Cosmology, Gravitational Waves, Pulsars, Time Measurement, Doppler Effect, Gravitation Theory, Gravitational Wave Antennas, Isotropy, Limits (Mathematics), Perturbation Theory, Power Spectra, Spectral Energy Distribution, Stochastic Processes, Astrophysics},
         year = 1983,
        month = feb,
       volume = {265},
        pages = {L39-L42},
          doi = {10.1086/183954},
       adsurl = {https://ui.adsabs.harvard.edu/abs/1983ApJ...265L..39H},
      adsnote = {Provided by the SAO/NASA Astrophysics Data System}
}


@ARTICLE{Cornish+Sesana-2013,
       author = {{Cornish}, Neil J. and {Sesana}, A.},
        title = "{Pulsar timing array analysis for black hole backgrounds}",
      journal = {Classical and Quantum Gravity},
     keywords = {General Relativity and Quantum Cosmology, Astrophysics - Cosmology and Extragalactic Astrophysics},
         year = 2013,
        month = nov,
       volume = {30},
       number = {22},
          eid = {224005},
        pages = {224005},
          doi = {10.1088/0264-9381/30/22/224005},
archivePrefix = {arXiv},
       eprint = {1305.0326},
 primaryClass = {gr-qc},
       adsurl = {https://ui.adsabs.harvard.edu/abs/2013CQGra..30v4005C},
      adsnote = {Provided by the SAO/NASA Astrophysics Data System}
}


@ARTICLE{Allen-2023,
       author = {{Allen}, Bruce},
        title = "{Variance of the Hellings-Downs correlation}",
      journal = {\prd},
     keywords = {General Relativity and Quantum Cosmology, Astrophysics - Cosmology and Nongalactic Astrophysics},
         year = 2023,
        month = feb,
       volume = {107},
       number = {4},
          eid = {043018},
        pages = {043018},
          doi = {10.1103/PhysRevD.107.043018},
archivePrefix = {arXiv},
       eprint = {2205.05637},
 primaryClass = {gr-qc},
       adsurl = {https://ui.adsabs.harvard.edu/abs/2023PhRvD.107d3018A},
      adsnote = {Provided by the SAO/NASA Astrophysics Data System}
}


@ARTICLE{Anholm+2009,
       author = {{Anholm}, Melissa and {Ballmer}, Stefan and {Creighton}, Jolien D.~E. and {Price}, Larry R. and {Siemens}, Xavier},
        title = "{Optimal strategies for gravitational wave stochastic background searches in pulsar timing data}",
      journal = {\prd},
     keywords = {04.30.Db, 04.80.Nn, Wave generation and sources, Gravitational wave detectors and experiments, General Relativity and Quantum Cosmology, Astrophysics},
         year = 2009,
        month = apr,
       volume = {79},
       number = {8},
          eid = {084030},
        pages = {084030},
          doi = {10.1103/PhysRevD.79.084030},
archivePrefix = {arXiv},
       eprint = {0809.0701},
 primaryClass = {gr-qc},
       adsurl = {https://ui.adsabs.harvard.edu/abs/2009PhRvD..79h4030A},
      adsnote = {Provided by the SAO/NASA Astrophysics Data System}
}


@ARTICLE{Jenet+2005,
       author = {{Jenet}, Fredrick A. and {Hobbs}, George B. and {Lee}, K.~J. and {Manchester}, Richard N.},
        title = "{Detecting the Stochastic Gravitational Wave Background Using Pulsar Timing}",
      journal = {\apjl},
     keywords = {Gravitational Waves, Stars: Pulsars: General, Astrophysics},
         year = 2005,
        month = jun,
       volume = {625},
       number = {2},
        pages = {L123-L126},
          doi = {10.1086/431220},
archivePrefix = {arXiv},
       eprint = {astro-ph/0504458},
 primaryClass = {astro-ph},
       adsurl = {https://ui.adsabs.harvard.edu/abs/2005ApJ...625L.123J},
      adsnote = {Provided by the SAO/NASA Astrophysics Data System}
}



@ARTICLE{Christensen-1992,
       author = {{Christensen}, Nelson},
        title = "{Measuring the stochastic gravitational-radiation background with laser-interferometric antennas}",
      journal = {\prd},
     keywords = {04.80.+z, 04.30.+x, 98.80.Es, Observational cosmology},
         year = 1992,
        month = dec,
       volume = {46},
       number = {12},
        pages = {5250-5266},
          doi = {10.1103/PhysRevD.46.5250},
       adsurl = {https://ui.adsabs.harvard.edu/abs/1992PhRvD..46.5250C},
      adsnote = {Provided by the SAO/NASA Astrophysics Data System}
}


@ARTICLE{Finn+Thorne-2000,
       author = {{Finn}, Lee Samuel and {Thorne}, Kip S.},
        title = "{Gravitational waves from a compact star in a circular, inspiral orbit, in the equatorial plane of a massive, spinning black hole, as observed by LISA}",
      journal = {\prd},
     keywords = {04.30.Db, 04.80.Nn, 97.60.Lf, Wave generation and sources, Gravitational wave detectors and experiments, Black holes, General Relativity and Quantum Cosmology},
         year = 2000,
        month = dec,
       volume = {62},
       number = {12},
          eid = {124021},
        pages = {124021},
          doi = {10.1103/PhysRevD.62.124021},
archivePrefix = {arXiv},
       eprint = {gr-qc/0007074},
 primaryClass = {gr-qc},
       adsurl = {https://ui.adsabs.harvard.edu/abs/2000PhRvD..62l4021F},
      adsnote = {Provided by the SAO/NASA Astrophysics Data System}
}


@ARTICLE{Hazboun+2019,
       author = {{Hazboun}, Jeffrey S. and {Romano}, Joseph D. and {Smith}, Tristan L.},
        title = "{Realistic sensitivity curves for pulsar timing arrays}",
      journal = {\prd},
     keywords = {General Relativity and Quantum Cosmology, Astrophysics - Instrumentation and Methods for Astrophysics},
         year = 2019,
        month = nov,
       volume = {100},
       number = {10},
          eid = {104028},
        pages = {104028},
          doi = {10.1103/PhysRevD.100.104028},
archivePrefix = {arXiv},
       eprint = {1907.04341},
 primaryClass = {gr-qc},
       adsurl = {https://ui.adsabs.harvard.edu/abs/2019PhRvD.100j4028H},
      adsnote = {Provided by the SAO/NASA Astrophysics Data System}
}


@ARTICLE{Romano+Cornish-2017,
       author = {{Romano}, Joseph D. and {Cornish}, Neil. J.},
        title = "{Detection methods for stochastic gravitational-wave backgrounds: a unified treatment}",
      journal = {Living Reviews in Relativity},
     keywords = {Gravitational waves, Data analysis, Stochastic backgrounds, General Relativity and Quantum Cosmology},
         year = 2017,
        month = dec,
       volume = {20},
       number = {1},
          eid = {2},
        pages = {2},
          doi = {10.1007/s41114-017-0004-1},
archivePrefix = {arXiv},
       eprint = {1608.06889},
 primaryClass = {gr-qc},
       adsurl = {https://ui.adsabs.harvard.edu/abs/2017LRR....20....2R},
      adsnote = {Provided by the SAO/NASA Astrophysics Data System}
}


@ARTICLE{Allen+Romano-1999,
       author = {{Allen}, Bruce and {Romano}, Joseph D.},
        title = "{Detecting a stochastic background of gravitational radiation: Signal processing strategies and sensitivities}",
      journal = {\prd},
     keywords = {04.80.Nn, 04.30.Db, 07.05.Kf, 95.55.Ym, Gravitational wave detectors and experiments, Wave generation and sources, Data analysis: algorithms and implementation, data management, Gravitational radiation detectors, mass spectrometers, and other instrumentation and techniques, General Relativity and Quantum Cosmology},
         year = 1999,
        month = may,
       volume = {59},
       number = {10},
          eid = {102001},
        pages = {102001},
          doi = {10.1103/PhysRevD.59.102001},
archivePrefix = {arXiv},
       eprint = {gr-qc/9710117},
 primaryClass = {gr-qc},
       adsurl = {https://ui.adsabs.harvard.edu/abs/1999PhRvD..59j2001A},
      adsnote = {Provided by the SAO/NASA Astrophysics Data System}
}


@ARTICLE{Hopkins+2008,
       author = {{Hopkins}, Philip F. and {Hernquist}, Lars and {Cox}, Thomas J. and {Kere{\v{s}}}, Du{\v{s}}an},
        title = "{A Cosmological Framework for the Co-Evolution of Quasars, Supermassive Black Holes, and Elliptical Galaxies. I. Galaxy Mergers and Quasar Activity}",
      journal = {\apjs},
     keywords = {cosmology: theory, galaxies: active, galaxies: evolution, quasars: general, Astrophysics},
         year = 2008,
        month = apr,
       volume = {175},
       number = {2},
        pages = {356-389},
          doi = {10.1086/524362},
archivePrefix = {arXiv},
       eprint = {0706.1243},
 primaryClass = {astro-ph},
       adsurl = {https://ui.adsabs.harvard.edu/abs/2008ApJS..175..356H},
      adsnote = {Provided by the SAO/NASA Astrophysics Data System}
}


@BOOK{Draine-2011,
       author = {{Draine}, Bruce T.},
        title = "{Physics of the Interstellar and Intergalactic Medium}",
         year = 2011,
       adsurl = {https://ui.adsabs.harvard.edu/abs/2011piim.book.....D},
      adsnote = {Provided by the SAO/NASA Astrophysics Data System}
}


@BOOK{Lorimer+Kramer-2012,
       author = {{Lorimer}, D.~R. and {Kramer}, M.},
        title = "{Handbook of Pulsar Astronomy}",
         year = 2012,
       adsurl = {https://ui.adsabs.harvard.edu/abs/2012hpa..book.....L},
      adsnote = {Provided by the SAO/NASA Astrophysics Data System}
}


@ARTICLE{Taylor-2021,
       author = {{Taylor}, Stephen R.},
        title = "{The Nanohertz Gravitational Wave Astronomer}",
      journal = {arXiv e-prints},
     keywords = {Astrophysics - High Energy Astrophysical Phenomena, General Relativity and Quantum Cosmology, Statistics - Applications},
         year = 2021,
        month = may,
          eid = {arXiv:2105.13270},
        pages = {arXiv:2105.13270},
          doi = {10.48550/arXiv.2105.13270},
archivePrefix = {arXiv},
       eprint = {2105.13270},
 primaryClass = {astro-ph.HE},
       adsurl = {https://ui.adsabs.harvard.edu/abs/2021arXiv210513270T},
      adsnote = {Provided by the SAO/NASA Astrophysics Data System}
}


@ARTICLE{Rosado+2015,
       author = {{Rosado}, Pablo A. and {Sesana}, Alberto and {Gair}, Jonathan},
        title = "{Expected properties of the first gravitational wave signal detected with pulsar timing arrays}",
      journal = {\mnras},
     keywords = {black hole physics, gravitation, gravitational waves, methods: data analysis, pulsars: general, galaxies: evolution, Astrophysics - High Energy Astrophysical Phenomena, General Relativity and Quantum Cosmology},
         year = 2015,
        month = aug,
       volume = {451},
       number = {3},
        pages = {2417-2433},
          doi = {10.1093/mnras/stv1098},
archivePrefix = {arXiv},
       eprint = {1503.04803},
 primaryClass = {astro-ph.HE},
       adsurl = {https://ui.adsabs.harvard.edu/abs/2015MNRAS.451.2417R},
      adsnote = {Provided by the SAO/NASA Astrophysics Data System}
}


@ARTICLE{Hwang+2020,
       author = {{Hwang}, Hsiang-Chih and {Shen}, Yue and {Zakamska}, Nadia and {Liu}, Xin},
        title = "{Varstrometry for Off-nucleus and Dual Subkiloparsec AGN (VODKA): Methodology and Initial Results with Gaia DR2}",
      journal = {\apj},
     keywords = {Quasars, Double quasars, 1319, 406, Astrophysics - Astrophysics of Galaxies},
         year = 2020,
        month = jan,
       volume = {888},
       number = {2},
          eid = {73},
        pages = {73},
          doi = {10.3847/1538-4357/ab5c1a},
archivePrefix = {arXiv},
       eprint = {1908.02292},
 primaryClass = {astro-ph.GA},
       adsurl = {https://ui.adsabs.harvard.edu/abs/2020ApJ...888...73H},
      adsnote = {Provided by the SAO/NASA Astrophysics Data System}
}


@ARTICLE{Shen+2019,
       author = {{Shen}, Yue and {Hwang}, Hsiang-Chih and {Zakamska}, Nadia and {Liu}, Xin},
        title = "{Varstrometry for Off-nucleus and Dual Sub-Kpc AGN (VODKA): How Well Centered Are Low-z AGN?}",
      journal = {\apjl},
     keywords = {Black hole physics, Active galaxies, Quasars, Surveys, 159, 17, 1319, 1671, Astrophysics - Astrophysics of Galaxies},
         year = 2019,
        month = nov,
       volume = {885},
       number = {1},
          eid = {L4},
        pages = {L4},
          doi = {10.3847/2041-8213/ab4b54},
archivePrefix = {arXiv},
       eprint = {1910.02969},
 primaryClass = {astro-ph.GA},
       adsurl = {https://ui.adsabs.harvard.edu/abs/2019ApJ...885L...4S},
      adsnote = {Provided by the SAO/NASA Astrophysics Data System}
}


@ARTICLE{Hu+White-1997,
       author = {{Hu}, Wayne and {White}, Martin},
        title = "{A CMB polarization primer}",
      journal = {\na},
     keywords = {Astrophysics},
         year = 1997,
        month = oct,
       volume = {2},
       number = {4},
        pages = {323-344},
          doi = {10.1016/S1384-1076(97)00022-5},
archivePrefix = {arXiv},
       eprint = {astro-ph/9706147},
 primaryClass = {astro-ph},
       adsurl = {https://ui.adsabs.harvard.edu/abs/1997NewA....2..323H},
      adsnote = {Provided by the SAO/NASA Astrophysics Data System}
}


@ARTICLE{Witten-1984,
       author = {{Witten}, Edward},
        title = "{Cosmic separation of phases}",
      journal = {\prd},
         year = 1984,
        month = jul,
       volume = {30},
       number = {2},
        pages = {272-285},
          doi = {10.1103/PhysRevD.30.272},
       adsurl = {https://ui.adsabs.harvard.edu/abs/1984PhRvD..30..272W},
      adsnote = {Provided by the SAO/NASA Astrophysics Data System}
}


@ARTICLE{Maggiore-2000,
       author = {{Maggiore}, M.},
        title = "{Gravitational wave experiments and early universe cosmology}",
      journal = {\physrep},
     keywords = {General Relativity and Quantum Cosmology, Astrophysics, High Energy Physics - Phenomenology, High Energy Physics - Theory},
         year = 2000,
        month = jul,
       volume = {331},
       number = {6},
        pages = {283-367},
          doi = {10.1016/S0370-1573(99)00102-7},
archivePrefix = {arXiv},
       eprint = {gr-qc/9909001},
 primaryClass = {gr-qc},
       adsurl = {https://ui.adsabs.harvard.edu/abs/2000PhR...331..283M},
      adsnote = {Provided by the SAO/NASA Astrophysics Data System}
}


@ARTICLE{Kibble-1976,
       author = {{Kibble}, T.~W.~B.},
        title = "{Topology of cosmic domains and strings}",
      journal = {Journal of Physics A Mathematical General},
         year = 1976,
        month = aug,
       volume = {9},
       number = {8},
        pages = {1387-1398},
          doi = {10.1088/0305-4470/9/8/029},
       adsurl = {https://ui.adsabs.harvard.edu/abs/1976JPhA....9.1387K},
      adsnote = {Provided by the SAO/NASA Astrophysics Data System}
}


@ARTICLE{Afzal+2023,
       author = {{Afzal}, Adeela and {Agazie}, Gabriella and {Anumarlapudi}, Akash and {Archibald}, Anne M. and {Arzoumanian}, Zaven and {Baker}, Paul T. and {B{\'e}csy}, Bence and {Blanco-Pillado}, Jose Juan and {Blecha}, Laura and {Boddy}, Kimberly K. and {Brazier}, Adam and {Brook}, Paul R. and {Burke-Spolaor}, Sarah and {Burnette}, Rand and {Case}, Robin and {Charisi}, Maria and {Chatterjee}, Shami and {Chatziioannou}, Katerina and {Cheeseboro}, Belinda D. and {Chen}, Siyuan and {Cohen}, Tyler and {Cordes}, James M. and {Cornish}, Neil J. and {Crawford}, Fronefield and {Cromartie}, H. Thankful and {Crowter}, Kathryn and {Cutler}, Curt J. and {Decesar}, Megan E. and {Degan}, Dallas and {Demorest}, Paul B. and {Deng}, Heling and {Dolch}, Timothy and {Drachler}, Brendan and {von Eckardstein}, Richard and {Ferrara}, Elizabeth C. and {Fiore}, William and {Fonseca}, Emmanuel and {Freedman}, Gabriel E. and {Garver-Daniels}, Nate and {Gentile}, Peter A. and {Gersbach}, Kyle A. and {Glaser}, Joseph and {Good}, Deborah C. and {Guertin}, Lydia and {G{\"u}ltekin}, Kayhan and {Hazboun}, Jeffrey S. and {Hourihane}, Sophie and {Islo}, Kristina and {Jennings}, Ross J. and {Johnson}, Aaron D. and {Jones}, Megan L. and {Kaiser}, Andrew R. and {Kaplan}, David L. and {Kelley}, Luke Zoltan and {Kerr}, Matthew and {Key}, Joey S. and {Laal}, Nima and {Lam}, Michael T. and {Lamb}, William G. and {Lazio}, T. Joseph W. and {Lee}, Vincent S.~H. and {Lewandowska}, Natalia and {Lino Dos Santos}, Rafael R. and {Littenberg}, Tyson B. and {Liu}, Tingting and {Lorimer}, Duncan R. and {Luo}, Jing and {Lynch}, Ryan S. and {Ma}, Chung-Pei and {Madison}, Dustin R. and {McEwen}, Alexander and {McKee}, James W. and {McLaughlin}, Maura A. and {McMann}, Natasha and {Meyers}, Bradley W. and {Meyers}, Patrick M. and {Mingarelli}, Chiara M.~F. and {Mitridate}, Andrea and {Nay}, Jonathan and {Natarajan}, Priyamvada and {Ng}, Cherry and {Nice}, David J. and {Ocker}, Stella Koch and {Olum}, Ken D. and {Pennucci}, Timothy T. and {Perera}, Benetge B.~P. and {Petrov}, Polina and {Pol}, Nihan S. and {Radovan}, Henri A. and {Ransom}, Scott M. and {Ray}, Paul S. and {Romano}, Joseph D. and {Sardesai}, Shashwat C. and {Schmiedekamp}, Ann and {Schmiedekamp}, Carl and {Schmitz}, Kai and {Schr{\"o}der}, Tobias and {Schult}, Levi and {Shapiro-Albert}, Brent J. and {Siemens}, Xavier and {Simon}, Joseph and {Siwek}, Magdalena S. and {Stairs}, Ingrid H. and {Stinebring}, Daniel R. and {Stovall}, Kevin and {Stratmann}, Peter and {Sun}, Jerry P. and {Susobhanan}, Abhimanyu and {Swiggum}, Joseph K. and {Taylor}, Jacob and {Taylor}, Stephen R. and {Trickle}, Tanner and {Turner}, Jacob E. and {Unal}, Caner and {Vallisneri}, Michele and {Verma}, Sonali and {Vigeland}, Sarah J. and {Wahl}, Haley M. and {Wang}, Qiaohong and {Witt}, Caitlin A. and {Wright}, David and {Young}, Olivia and {Zurek}, Kathryn M. and {Nanograv Collaboration}},
        title = "{The NANOGrav 15 yr Data Set: Search for Signals from New Physics}",
      journal = {\apjl},
     keywords = {Gravitational waves, Cosmology, Particle astrophysics, Gravitational wave sources, 678, 343, 96, 677, Astrophysics - High Energy Astrophysical Phenomena, Astrophysics - Cosmology and Nongalactic Astrophysics, General Relativity and Quantum Cosmology, High Energy Physics - Phenomenology},
         year = 2023,
        month = jul,
       volume = {951},
       number = {1},
          eid = {L11},
        pages = {L11},
          doi = {10.3847/2041-8213/acdc91},
archivePrefix = {arXiv},
       eprint = {2306.16219},
 primaryClass = {astro-ph.HE},
       adsurl = {https://ui.adsabs.harvard.edu/abs/2023ApJ...951L..11A},
      adsnote = {Provided by the SAO/NASA Astrophysics Data System}
}


@ARTICLE{Arzoumanian+2020,
       author = {{Arzoumanian}, Zaven and {Baker}, Paul T. and {Blumer}, Harsha and {B{\'e}csy}, Bence and {Brazier}, Adam and {Brook}, Paul R. and {Burke-Spolaor}, Sarah and {Chatterjee}, Shami and {Chen}, Siyuan and {Cordes}, James M. and {Cornish}, Neil J. and {Crawford}, Fronefield and {Cromartie}, H. Thankful and {Decesar}, Megan E. and {Demorest}, Paul B. and {Dolch}, Timothy and {Ellis}, Justin A. and {Ferrara}, Elizabeth C. and {Fiore}, William and {Fonseca}, Emmanuel and {Garver-Daniels}, Nathan and {Gentile}, Peter A. and {Good}, Deborah C. and {Hazboun}, Jeffrey S. and {Holgado}, A. Miguel and {Islo}, Kristina and {Jennings}, Ross J. and {Jones}, Megan L. and {Kaiser}, Andrew R. and {Kaplan}, David L. and {Kelley}, Luke Zoltan and {Key}, Joey Shapiro and {Laal}, Nima and {Lam}, Michael T. and {Lazio}, T. Joseph W. and {Lorimer}, Duncan R. and {Luo}, Jing and {Lynch}, Ryan S. and {Madison}, Dustin R. and {McLaughlin}, Maura A. and {Mingarelli}, Chiara M.~F. and {Ng}, Cherry and {Nice}, David J. and {Pennucci}, Timothy T. and {Pol}, Nihan S. and {Ransom}, Scott M. and {Ray}, Paul S. and {Shapiro-Albert}, Brent J. and {Siemens}, Xavier and {Simon}, Joseph and {Spiewak}, Ren{\'e}e and {Stairs}, Ingrid H. and {Stinebring}, Daniel R. and {Stovall}, Kevin and {Sun}, Jerry P. and {Swiggum}, Joseph K. and {Taylor}, Stephen R. and {Turner}, Jacob E. and {Vallisneri}, Michele and {Vigeland}, Sarah J. and {Witt}, Caitlin A. and {Nanograv Collaboration}},
        title = "{The NANOGrav 12.5 yr Data Set: Search for an Isotropic Stochastic Gravitational-wave Background}",
      journal = {\apjl},
     keywords = {Gravitational waves, Pulsar timing method, Astronomy data analysis, Millisecond pulsars, 678, 1305, 1858, 1062, Astrophysics - High Energy Astrophysical Phenomena, Astrophysics - Astrophysics of Galaxies, General Relativity and Quantum Cosmology},
         year = 2020,
        month = dec,
       volume = {905},
       number = {2},
          eid = {L34},
        pages = {L34},
          doi = {10.3847/2041-8213/abd401},
archivePrefix = {arXiv},
       eprint = {2009.04496},
 primaryClass = {astro-ph.HE},
       adsurl = {https://ui.adsabs.harvard.edu/abs/2020ApJ...905L..34A},
      adsnote = {Provided by the SAO/NASA Astrophysics Data System}
}


@ARTICLE{Agazie+2023,
       author = {{Agazie}, Gabriella and {Anumarlapudi}, Akash and {Archibald}, Anne M. and {Arzoumanian}, Zaven and {Baker}, Paul T. and {B{\'e}csy}, Bence and {Blecha}, Laura and {Brazier}, Adam and {Brook}, Paul R. and {Burke-Spolaor}, Sarah and {Burnette}, Rand and {Case}, Robin and {Charisi}, Maria and {Chatterjee}, Shami and {Chatziioannou}, Katerina and {Cheeseboro}, Belinda D. and {Chen}, Siyuan and {Cohen}, Tyler and {Cordes}, James M. and {Cornish}, Neil J. and {Crawford}, Fronefield and {Cromartie}, H. Thankful and {Crowter}, Kathryn and {Cutler}, Curt J. and {Decesar}, Megan E. and {Degan}, Dallas and {Demorest}, Paul B. and {Deng}, Heling and {Dolch}, Timothy and {Drachler}, Brendan and {Ellis}, Justin A. and {Ferrara}, Elizabeth C. and {Fiore}, William and {Fonseca}, Emmanuel and {Freedman}, Gabriel E. and {Garver-Daniels}, Nate and {Gentile}, Peter A. and {Gersbach}, Kyle A. and {Glaser}, Joseph and {Good}, Deborah C. and {G{\"u}ltekin}, Kayhan and {Hazboun}, Jeffrey S. and {Hourihane}, Sophie and {Islo}, Kristina and {Jennings}, Ross J. and {Johnson}, Aaron D. and {Jones}, Megan L. and {Kaiser}, Andrew R. and {Kaplan}, David L. and {Kelley}, Luke Zoltan and {Kerr}, Matthew and {Key}, Joey S. and {Klein}, Tonia C. and {Laal}, Nima and {Lam}, Michael T. and {Lamb}, William G. and {Lazio}, T. Joseph W. and {Lewandowska}, Natalia and {Littenberg}, Tyson B. and {Liu}, Tingting and {Lommen}, Andrea and {Lorimer}, Duncan R. and {Luo}, Jing and {Lynch}, Ryan S. and {Ma}, Chung-Pei and {Madison}, Dustin R. and {Mattson}, Margaret A. and {McEwen}, Alexander and {McKee}, James W. and {McLaughlin}, Maura A. and {McMann}, Natasha and {Meyers}, Bradley W. and {Meyers}, Patrick M. and {Mingarelli}, Chiara M.~F. and {Mitridate}, Andrea and {Natarajan}, Priyamvada and {Ng}, Cherry and {Nice}, David J. and {Ocker}, Stella Koch and {Olum}, Ken D. and {Pennucci}, Timothy T. and {Perera}, Benetge B.~P. and {Petrov}, Polina and {Pol}, Nihan S. and {Radovan}, Henri A. and {Ransom}, Scott M. and {Ray}, Paul S. and {Romano}, Joseph D. and {Sardesai}, Shashwat C. and {Schmiedekamp}, Ann and {Schmiedekamp}, Carl and {Schmitz}, Kai and {Schult}, Levi and {Shapiro-Albert}, Brent J. and {Siemens}, Xavier and {Simon}, Joseph and {Siwek}, Magdalena S. and {Stairs}, Ingrid H. and {Stinebring}, Daniel R. and {Stovall}, Kevin and {Sun}, Jerry P. and {Susobhanan}, Abhimanyu and {Swiggum}, Joseph K. and {Taylor}, Jacob and {Taylor}, Stephen R. and {Turner}, Jacob E. and {Unal}, Caner and {Vallisneri}, Michele and {van Haasteren}, Rutger and {Vigeland}, Sarah J. and {Wahl}, Haley M. and {Wang}, Qiaohong and {Witt}, Caitlin A. and {Young}, Olivia and {Nanograv Collaboration}},
        title = "{The NANOGrav 15 yr Data Set: Evidence for a Gravitational-wave Background}",
      journal = {\apjl},
     keywords = {Gravitational waves, Gravitational wave astronomy, Millisecond pulsars, Radio pulsars, Supermassive black holes, 678, 675, 1062, 1353, 1663, Astrophysics - High Energy Astrophysical Phenomena, General Relativity and Quantum Cosmology},
         year = 2023,
        month = jul,
       volume = {951},
       number = {1},
          eid = {L8},
        pages = {L8},
          doi = {10.3847/2041-8213/acdac6},
archivePrefix = {arXiv},
       eprint = {2306.16213},
 primaryClass = {astro-ph.HE},
       adsurl = {https://ui.adsabs.harvard.edu/abs/2023ApJ...951L...8A},
      adsnote = {Provided by the SAO/NASA Astrophysics Data System}
}


@ARTICLE{Reardon+2023,
       author = {{Reardon}, Daniel J. and {Zic}, Andrew and {Shannon}, Ryan M. and {Hobbs}, George B. and {Bailes}, Matthew and {Di Marco}, Valentina and {Kapur}, Agastya and {Rogers}, Axl F. and {Thrane}, Eric and {Askew}, Jacob and {Bhat}, N.~D. Ramesh and {Cameron}, Andrew and {Cury{\l}o}, Ma{\l}gorzata and {Coles}, William A. and {Dai}, Shi and {Goncharov}, Boris and {Kerr}, Matthew and {Kulkarni}, Atharva and {Levin}, Yuri and {Lower}, Marcus E. and {Manchester}, Richard N. and {Mandow}, Rami and {Miles}, Matthew T. and {Nathan}, Rowina S. and {Os{\l}owski}, Stefan and {Russell}, Christopher J. and {Spiewak}, Ren{\'e}e and {Zhang}, Songbo and {Zhu}, Xing-Jiang},
        title = "{Search for an Isotropic Gravitational-wave Background with the Parkes Pulsar Timing Array}",
      journal = {\apjl},
     keywords = {Gravitational waves, Gravitational wave astronomy, Millisecond pulsars, Pulsar timing method, Bayesian statistics, 678, 675, 1062, 1305, 1900, Astrophysics - High Energy Astrophysical Phenomena, Astrophysics - Cosmology and Nongalactic Astrophysics, Astrophysics - Astrophysics of Galaxies, General Relativity and Quantum Cosmology},
         year = 2023,
        month = jul,
       volume = {951},
       number = {1},
          eid = {L6},
        pages = {L6},
          doi = {10.3847/2041-8213/acdd02},
archivePrefix = {arXiv},
       eprint = {2306.16215},
 primaryClass = {astro-ph.HE},
       adsurl = {https://ui.adsabs.harvard.edu/abs/2023ApJ...951L...6R},
      adsnote = {Provided by the SAO/NASA Astrophysics Data System}
}


@ARTICLE{Antoniadis+2023,
       author = {{EPTA Collaboration} and {InPTA Collaboration} and {Antoniadis}, J. and {Arumugam}, P. and {Arumugam}, S. and {Babak}, S. and {Bagchi}, M. and {Bak Nielsen}, A. -S. and {Bassa}, C.~G. and {Bathula}, A. and {Berthereau}, A. and {Bonetti}, M. and {Bortolas}, E. and {Brook}, P.~R. and {Burgay}, M. and {Caballero}, R.~N. and {Chalumeau}, A. and {Champion}, D.~J. and {Chanlaridis}, S. and {Chen}, S. and {Cognard}, I. and {Dandapat}, S. and {Deb}, D. and {Desai}, S. and {Desvignes}, G. and {Dhanda-Batra}, N. and {Dwivedi}, C. and {Falxa}, M. and {Ferdman}, R.~D. and {Franchini}, A. and {Gair}, J.~R. and {Goncharov}, B. and {Gopakumar}, A. and {Graikou}, E. and {Grie{\ss}meier}, J. -M. and {Guillemot}, L. and {Guo}, Y.~J. and {Gupta}, Y. and {Hisano}, S. and {Hu}, H. and {Iraci}, F. and {Izquierdo-Villalba}, D. and {Jang}, J. and {Jawor}, J. and {Janssen}, G.~H. and {Jessner}, A. and {Joshi}, B.~C. and {Kareem}, F. and {Karuppusamy}, R. and {Keane}, E.~F. and {Keith}, M.~J. and {Kharbanda}, D. and {Kikunaga}, T. and {Kolhe}, N. and {Kramer}, M. and {Krishnakumar}, M.~A. and {Lackeos}, K. and {Lee}, K.~J. and {Liu}, K. and {Liu}, Y. and {Lyne}, A.~G. and {McKee}, J.~W. and {Maan}, Y. and {Main}, R.~A. and {Mickaliger}, M.~B. and {Ni{\c{t}}u}, I.~C. and {Nobleson}, K. and {Paladi}, A.~K. and {Parthasarathy}, A. and {Perera}, B.~B.~P. and {Perrodin}, D. and {Petiteau}, A. and {Porayko}, N.~K. and {Possenti}, A. and {Prabu}, T. and {Quelquejay Leclere}, H. and {Rana}, P. and {Samajdar}, A. and {Sanidas}, S.~A. and {Sesana}, A. and {Shaifullah}, G. and {Singha}, J. and {Speri}, L. and {Spiewak}, R. and {Srivastava}, A. and {Stappers}, B.~W. and {Surnis}, M. and {Susarla}, S.~C. and {Susobhanan}, A. and {Takahashi}, K. and {Tarafdar}, P. and {Theureau}, G. and {Tiburzi}, C. and {van der Wateren}, E. and {Vecchio}, A. and {Venkatraman Krishnan}, V. and {Verbiest}, J.~P.~W. and {Wang}, J. and {Wang}, L. and {Wu}, Z.},
        title = "{The second data release from the European Pulsar Timing Array. III. Search for gravitational wave signals}",
      journal = {\aap},
     keywords = {gravitational waves, methods: data analysis, pulsars: general, Astrophysics - High Energy Astrophysical Phenomena, Astrophysics - Cosmology and Nongalactic Astrophysics, Astrophysics - Astrophysics of Galaxies},
         year = 2023,
        month = oct,
       volume = {678},
          eid = {A50},
        pages = {A50},
          doi = {10.1051/0004-6361/202346844},
archivePrefix = {arXiv},
       eprint = {2306.16214},
 primaryClass = {astro-ph.HE},
       adsurl = {https://ui.adsabs.harvard.edu/abs/2023A&A...678A..50E},
      adsnote = {Provided by the SAO/NASA Astrophysics Data System}
}


@ARTICLE{Antoniadis+2022,
       author = {{Antoniadis}, J. and {Arzoumanian}, Z. and {Babak}, S. and {Bailes}, M. and {Bak Nielsen}, A. -S. and {Baker}, P.~T. and {Bassa}, C.~G. and {B{\'e}csy}, B. and {Berthereau}, A. and {Bonetti}, M. and {Brazier}, A. and {Brook}, P.~R. and {Burgay}, M. and {Burke-Spolaor}, S. and {Caballero}, R.~N. and {Casey-Clyde}, J.~A. and {Chalumeau}, A. and {Champion}, D.~J. and {Charisi}, M. and {Chatterjee}, S. and {Chen}, S. and {Cognard}, I. and {Cordes}, J.~M. and {Cornish}, N.~J. and {Crawford}, F. and {Cromartie}, H.~T. and {Crowter}, K. and {Dai}, S. and {DeCesar}, M.~E. and {Demorest}, P.~B. and {Desvignes}, G. and {Dolch}, T. and {Drachler}, B. and {Falxa}, M. and {Ferrara}, E.~C. and {Fiore}, W. and {Fonseca}, E. and {Gair}, J.~R. and {Garver-Daniels}, N. and {Goncharov}, B. and {Good}, D.~C. and {Graikou}, E. and {Guillemot}, L. and {Guo}, Y.~J. and {Hazboun}, J.~S. and {Hobbs}, G. and {Hu}, H. and {Islo}, K. and {Janssen}, G.~H. and {Jennings}, R.~J. and {Johnson}, A.~D. and {Jones}, M.~L. and {Kaiser}, A.~R. and {Kaplan}, D.~L. and {Karuppusamy}, R. and {Keith}, M.~J. and {Kelley}, L.~Z. and {Kerr}, M. and {Key}, J.~S. and {Kramer}, M. and {Lam}, M.~T. and {Lamb}, W.~G. and {Lazio}, T.~J.~W. and {Lee}, K.~J. and {Lentati}, L. and {Liu}, K. and {Luo}, J. and {Lynch}, R.~S. and {Lyne}, A.~G. and {Madison}, D.~R. and {Main}, R.~A. and {Manchester}, R.~N. and {McEwen}, A. and {McKee}, J.~W. and {McLaughlin}, M.~A. and {Mickaliger}, M.~B. and {Mingarelli}, C.~M.~F. and {Ng}, C. and {Nice}, D.~J. and {Os{\l}owski}, S. and {Parthasarathy}, A. and {Pennucci}, T.~T. and {Perera}, B.~B.~P. and {Perrodin}, D. and {Petiteau}, A. and {Pol}, N.~S. and {Porayko}, N.~K. and {Possenti}, A. and {Ransom}, S.~M. and {Ray}, P.~S. and {Reardon}, D.~J. and {Russell}, C.~J. and {Samajdar}, A. and {Sampson}, L.~M. and {Sanidas}, S. and {Sarkissian}, J.~M. and {Schmitz}, K. and {Schult}, L. and {Sesana}, A. and {Shaifullah}, G. and {Shannon}, R.~M. and {Shapiro-Albert}, B.~J. and {Siemens}, X. and {Simon}, J. and {Smith}, T.~L. and {Speri}, L. and {Spiewak}, R. and {Stairs}, I.~H. and {Stappers}, B.~W. and {Stinebring}, D.~R. and {Swiggum}, J.~K. and {Taylor}, S.~R. and {Theureau}, G. and {Tiburzi}, C. and {Vallisneri}, M. and {van der Wateren}, E. and {Vecchio}, A. and {Verbiest}, J.~P.~W. and {Vigeland}, S.~J. and {Wahl}, H. and {Wang}, J.~B. and {Wang}, J. and {Wang}, L. and {Witt}, C.~A. and {Zhang}, S. and {Zhu}, X.~J.},
        title = "{The International Pulsar Timing Array second data release: Search for an isotropic gravitational wave background}",
      journal = {\mnras},
     keywords = {gravitational waves, methods: data analysis, pulsars: general, Astrophysics - High Energy Astrophysical Phenomena, Astrophysics - Instrumentation and Methods for Astrophysics},
         year = 2022,
        month = mar,
       volume = {510},
       number = {4},
        pages = {4873-4887},
          doi = {10.1093/mnras/stab3418},
archivePrefix = {arXiv},
       eprint = {2201.03980},
 primaryClass = {astro-ph.HE},
       adsurl = {https://ui.adsabs.harvard.edu/abs/2022MNRAS.510.4873A},
      adsnote = {Provided by the SAO/NASA Astrophysics Data System}
}


@ARTICLE{Sazhin-1978,
       author = {{Sazhin}, M.~V.},
        title = "{Opportunities for detecting ultralong gravitational waves}",
      journal = {\sovast},
     keywords = {Binary Stars, Electromagnetic Pulses, Gravitational Waves, Long Wave Radiation, Radiation Detectors, Supermassive Stars, Propagation Modes, Pulsars, Stellar Mass, Supergiant Stars, Astrophysics},
         year = 1978,
        month = feb,
       volume = {22},
        pages = {36-38},
       adsurl = {https://ui.adsabs.harvard.edu/abs/1978SvA....22...36S},
      adsnote = {Provided by the SAO/NASA Astrophysics Data System}
}


@ARTICLE{Detweiler-1979,
       author = {{Detweiler}, S.},
        title = "{Pulsar timing measurements and the search for gravitational waves}",
      journal = {\apj},
     keywords = {Cosmology, Gravitational Waves, Pulsars, Time Measurement, Black Holes (Astronomy), Cosmic Rays, Frequency Response, Relativity, Stochastic Processes, Astrophysics},
         year = 1979,
        month = dec,
       volume = {234},
        pages = {1100-1104},
          doi = {10.1086/157593},
       adsurl = {https://ui.adsabs.harvard.edu/abs/1979ApJ...234.1100D},
      adsnote = {Provided by the SAO/NASA Astrophysics Data System}
}


@ARTICLE{Estabrook+Wahlquist-1975,
       author = {{Estabrook}, F.~B. and {Wahlquist}, H.~D.},
        title = "{Response of Doppler spacecraft tracking to gravitational radiation.}",
      journal = {General Relativity and Gravitation},
     keywords = {Doppler Effect, Electromagnetic Wave Transmission, Gravitational Waves, Relativistic Effects, Spacecraft Tracking, Frequency Shift, Plane Waves, Signal Reflection, Spectral Signatures, Astrophysics},
         year = 1975,
        month = oct,
       volume = {6},
       number = {5},
        pages = {439-447},
          doi = {10.1007/BF00762449},
       adsurl = {https://ui.adsabs.harvard.edu/abs/1975GReGr...6..439E},
      adsnote = {Provided by the SAO/NASA Astrophysics Data System}
}


@ARTICLE{Rickett-1990,
       author = {{Rickett}, B.~J.},
        title = "{Radio propagation through the turbulent interstellar plasma.}",
      journal = {\araa},
     keywords = {Cosmic Plasma, Interstellar Matter, Radio Astronomy, Wave Propagation, Plasma Turbulence, Pulsars, Scintillation, Very Long Base Interferometry, Wave Scattering, Astrophysics},
         year = 1990,
        month = jan,
       volume = {28},
        pages = {561-605},
          doi = {10.1146/annurev.aa.28.090190.003021},
       adsurl = {https://ui.adsabs.harvard.edu/abs/1990ARA&A..28..561R},
      adsnote = {Provided by the SAO/NASA Astrophysics Data System}
}


@BOOK{Condon+Ransom-2016,
       author = {{Condon}, James J. and {Ransom}, Scott M.},
        title = "{Essential Radio Astronomy}",
         year = 2016,
       adsurl = {https://ui.adsabs.harvard.edu/abs/2016era..book.....C},
      adsnote = {Provided by the SAO/NASA Astrophysics Data System}
}


@ARTICLE{Cordes+Shannon-2010,
       author = {{Cordes}, J.~M. and {Shannon}, R.~M.},
        title = "{A Measurement Model for Precision Pulsar Timing}",
      journal = {arXiv e-prints},
     keywords = {Astrophysics - Instrumentation and Methods for Astrophysics, Astrophysics - Galaxy Astrophysics},
         year = 2010,
        month = oct,
          eid = {arXiv:1010.3785},
        pages = {arXiv:1010.3785},
          doi = {10.48550/arXiv.1010.3785},
archivePrefix = {arXiv},
       eprint = {1010.3785},
 primaryClass = {astro-ph.IM},
       adsurl = {https://ui.adsabs.harvard.edu/abs/2010arXiv1010.3785C},
      adsnote = {Provided by the SAO/NASA Astrophysics Data System}
}


@ARTICLE{Vallisneri+2020,
       author = {{Vallisneri}, M. and {Taylor}, S.~R. and {Simon}, J. and {Folkner}, W.~M. and {Park}, R.~S. and {Cutler}, C. and {Ellis}, J.~A. and {Lazio}, T.~J.~W. and {Vigeland}, S.~J. and {Aggarwal}, K. and {Arzoumanian}, Z. and {Baker}, P.~T. and {Brazier}, A. and {Brook}, P.~R. and {Burke-Spolaor}, S. and {Chatterjee}, S. and {Cordes}, J.~M. and {Cornish}, N.~J. and {Crawford}, F. and {Cromartie}, H.~T. and {Crowter}, K. and {DeCesar}, M. and {Demorest}, P.~B. and {Dolch}, T. and {Ferdman}, R.~D. and {Ferrara}, E.~C. and {Fonseca}, E. and {Garver-Daniels}, N. and {Gentile}, P. and {Good}, D. and {Hazboun}, J.~S. and {Holgado}, A.~M. and {Huerta}, E.~A. and {Islo}, K. and {Jennings}, R. and {Jones}, G. and {Jones}, M.~L. and {Kaplan}, D.~L. and {Kelley}, L.~Z. and {Key}, J.~S. and {Lam}, M.~T. and {Levin}, L. and {Lorimer}, D.~R. and {Luo}, J. and {Lynch}, R.~S. and {Madison}, D.~R. and {McLaughlin}, M.~A. and {McWilliams}, S.~T. and {Mingarelli}, C.~M.~F. and {Ng}, C. and {Nice}, D.~J. and {Pennucci}, T.~T. and {Pol}, N.~S. and {Ransom}, S.~M. and {Ray}, P.~S. and {Siemens}, X. and {Spiewak}, R. and {Stairs}, I.~H. and {Stinebring}, D.~R. and {Stovall}, K. and {Swiggum}, J.~K. and {van Haasteren}, R. and {Witt}, C.~A. and {Zhu}, W.~W.},
        title = "{Modeling the Uncertainties of Solar System Ephemerides for Robust Gravitational-wave Searches with Pulsar-timing Arrays}",
      journal = {\apj},
     keywords = {Gravitational waves, Astronomy data analysis, Ephemerides, Pulsar timing method, Millisecond pulsars, 678, 1858, 464, 1305, 1062, Astrophysics - High Energy Astrophysical Phenomena, Astrophysics - Instrumentation and Methods for Astrophysics, General Relativity and Quantum Cosmology},
         year = 2020,
        month = apr,
       volume = {893},
       number = {2},
          eid = {112},
        pages = {112},
          doi = {10.3847/1538-4357/ab7b67},
archivePrefix = {arXiv},
       eprint = {2001.00595},
 primaryClass = {astro-ph.HE},
       adsurl = {https://ui.adsabs.harvard.edu/abs/2020ApJ...893..112V},
      adsnote = {Provided by the SAO/NASA Astrophysics Data System}
}


@ARTICLE{Backer+Hellings-1986,
       author = {{Backer}, D.~C. and {Hellings}, R.~W.},
        title = "{Pulsar timing and general relativity.}",
      journal = {\araa},
     keywords = {Pulsars, Relativity, Stellar Radiation, Binary Stars, Clocks, Gravitational Wave Antennas, Space Observations (From Earth), Stellar Gravitation, Astrophysics, ASTRONOMICAL MODELS, COMET TAILS, DYNAMIC PRESSURE, HALLEY'S COMET, JAPANESE SPACECRAFT, RADIATION PRESSURE, SOLAR WIND, CORONAL HOLES, INTERPLANETARY MAGNETIC FIELDS, MAGNETIC STORMS, NEUTRAL SHEETS, PLASMAS (PHYSICS)},
         year = 1986,
        month = jan,
       volume = {24},
        pages = {537-575},
          doi = {10.1146/annurev.aa.24.090186.002541},
       adsurl = {https://ui.adsabs.harvard.edu/abs/1986ARA&A..24..537B},
      adsnote = {Provided by the SAO/NASA Astrophysics Data System}
}


@ARTICLE{Kormendy+Ho-2013,
       author = {{Kormendy}, John and {Ho}, Luis C.},
        title = "{Coevolution (Or Not) of Supermassive Black Holes and Host Galaxies}",
      journal = {\araa},
     keywords = {Astrophysics - Cosmology and Nongalactic Astrophysics},
         year = 2013,
        month = aug,
       volume = {51},
       number = {1},
        pages = {511-653},
          doi = {10.1146/annurev-astro-082708-101811},
archivePrefix = {arXiv},
       eprint = {1304.7762},
 primaryClass = {astro-ph.CO},
       adsurl = {https://ui.adsabs.harvard.edu/abs/2013ARA&A..51..511K},
      adsnote = {Provided by the SAO/NASA Astrophysics Data System}
}


@ARTICLE{Rodriguez-Gomez+2015,
       author = {{Rodriguez-Gomez}, Vicente and {Genel}, Shy and {Vogelsberger}, Mark and {Sijacki}, Debora and {Pillepich}, Annalisa and {Sales}, Laura V. and {Torrey}, Paul and {Snyder}, Greg and {Nelson}, Dylan and {Springel}, Volker and {Ma}, Chung-Pei and {Hernquist}, Lars},
        title = "{The merger rate of galaxies in the Illustris simulation: a comparison with observations and semi-empirical models}",
      journal = {\mnras},
     keywords = {methods: numerical, galaxies: interactions, cosmology: theory, Astrophysics - Astrophysics of Galaxies, Astrophysics - Cosmology and Nongalactic Astrophysics},
         year = 2015,
        month = may,
       volume = {449},
       number = {1},
        pages = {49-64},
          doi = {10.1093/mnras/stv264},
archivePrefix = {arXiv},
       eprint = {1502.01339},
 primaryClass = {astro-ph.GA},
       adsurl = {https://ui.adsabs.harvard.edu/abs/2015MNRAS.449...49R},
      adsnote = {Provided by the SAO/NASA Astrophysics Data System}
}


@ARTICLE{Bortolas+2021,
       author = {{Bortolas}, Elisa and {Franchini}, Alessia and {Bonetti}, Matteo and {Sesana}, Alberto},
        title = "{The Competing Effect of Gas and Stars in the Evolution of Massive Black Hole Binaries}",
      journal = {\apjl},
     keywords = {Supermassive black holes, Stellar dynamics, Gravitational wave sources, Galaxy accretion disks, Computational astronomy, 1663, 1596, 677, 562, 293, Astrophysics - High Energy Astrophysical Phenomena, Astrophysics - Cosmology and Nongalactic Astrophysics, Astrophysics - Astrophysics of Galaxies, Astrophysics - Instrumentation and Methods for Astrophysics, Astrophysics - Solar and Stellar Astrophysics, 85A05},
         year = 2021,
        month = sep,
       volume = {918},
       number = {1},
          eid = {L15},
        pages = {L15},
          doi = {10.3847/2041-8213/ac1c0c},
archivePrefix = {arXiv},
       eprint = {2108.13436},
 primaryClass = {astro-ph.HE},
       adsurl = {https://ui.adsabs.harvard.edu/abs/2021ApJ...918L..15B},
      adsnote = {Provided by the SAO/NASA Astrophysics Data System}
}


@ARTICLE{Muñoz+2019,
       author = {{Mu{\~n}oz}, Diego J. and {Miranda}, Ryan and {Lai}, Dong},
        title = "{Hydrodynamics of Circumbinary Accretion: Angular Momentum Transfer and Binary Orbital Evolution}",
      journal = {\apj},
     keywords = {accretion, accretion disks, binaries: general, black hole physics, stars: pre-main sequence, Astrophysics - High Energy Astrophysical Phenomena, Astrophysics - Earth and Planetary Astrophysics},
         year = 2019,
        month = jan,
       volume = {871},
       number = {1},
          eid = {84},
        pages = {84},
          doi = {10.3847/1538-4357/aaf867},
archivePrefix = {arXiv},
       eprint = {1810.04676},
 primaryClass = {astro-ph.HE},
       adsurl = {https://ui.adsabs.harvard.edu/abs/2019ApJ...871...84M},
      adsnote = {Provided by the SAO/NASA Astrophysics Data System}
}


@ARTICLE{Miranda+2017,
       author = {{Miranda}, Ryan and {Mu{\~n}oz}, Diego J. and {Lai}, Dong},
        title = "{Viscous hydrodynamics simulations of circumbinary accretion discs: variability, quasi-steady state and angular momentum transfer}",
      journal = {\mnras},
     keywords = {accretion, accretion discs, black hole physics, hydrodynamics, binaries: general, stars: pre-main-sequence, Astrophysics - Solar and Stellar Astrophysics, Astrophysics - Earth and Planetary Astrophysics},
         year = 2017,
        month = apr,
       volume = {466},
       number = {1},
        pages = {1170-1191},
          doi = {10.1093/mnras/stw3189},
archivePrefix = {arXiv},
       eprint = {1610.07263},
 primaryClass = {astro-ph.SR},
       adsurl = {https://ui.adsabs.harvard.edu/abs/2017MNRAS.466.1170M},
      adsnote = {Provided by the SAO/NASA Astrophysics Data System}
}


@ARTICLE{Barack+Cutler-2004,
       author = {{Barack}, Leor and {Cutler}, Curt},
        title = "{LISA capture sources: Approximate waveforms, signal-to-noise ratios, and parameter estimation accuracy}",
      journal = {\prd},
     keywords = {04.80.Nn, 04.25.Nx, 04.30.Db, 04.80.Cc, Gravitational wave detectors and experiments, Post-Newtonian approximation, perturbation theory, related approximations, Wave generation and sources, Experimental tests of gravitational theories, General Relativity and Quantum Cosmology, Astrophysics},
         year = 2004,
        month = apr,
       volume = {69},
       number = {8},
          eid = {082005},
        pages = {082005},
          doi = {10.1103/PhysRevD.69.082005},
archivePrefix = {arXiv},
       eprint = {gr-qc/0310125},
 primaryClass = {gr-qc},
       adsurl = {https://ui.adsabs.harvard.edu/abs/2004PhRvD..69h2005B},
      adsnote = {Provided by the SAO/NASA Astrophysics Data System}
}


@article{Peters-1964,
  title = {Gravitational Radiation and the Motion of Two Point Masses},
  author = {Peters, P. C.},
  journal = {Phys. Rev.},
  volume = {136},
  issue = {4B},
  pages = {B1224--B1232},
  numpages = {0},
  year = {1964},
  month = {Nov},
  publisher = {American Physical Society},
  doi = {10.1103/PhysRev.136.B1224},
  url = {https://link.aps.org/doi/10.1103/PhysRev.136.B1224}
}

@ARTICLE{Flanagan+Hughes-1998,
       author = {{Flanagan}, {\'E}anna {\'E}. and {Hughes}, Scott A.},
        title = "{Measuring gravitational waves from binary black hole coalescences. I. Signal to noise for inspiral, merger, and ringdown}",
      journal = {\prd},
     keywords = {04.80.Nn, 04.25.Dm, 04.30.Db, 95.55.Ym, Gravitational wave detectors and experiments, Numerical relativity, Wave generation and sources, Gravitational radiation detectors, mass spectrometers, and other instrumentation and techniques, General Relativity and Quantum Cosmology, Astrophysics},
         year = 1998,
        month = apr,
       volume = {57},
       number = {8},
        pages = {4535-4565},
          doi = {10.1103/PhysRevD.57.4535},
archivePrefix = {arXiv},
       eprint = {gr-qc/9701039},
 primaryClass = {gr-qc},
       adsurl = {https://ui.adsabs.harvard.edu/abs/1998PhRvD..57.4535F},
      adsnote = {Provided by the SAO/NASA Astrophysics Data System}
}


@ARTICLE{Moore+2015,
       author = {{Moore}, C.~J. and {Cole}, R.~H. and {Berry}, C.~P.~L.},
        title = "{Gravitational-wave sensitivity curves}",
      journal = {Classical and Quantum Gravity},
     keywords = {gravitational waves, black holes, pulsar timing, pulsar timing arrays, 04.30.-w, 04.30.Db, 04.80.Nn, 95.55.Ym, General Relativity and Quantum Cosmology, Astrophysics - High Energy Astrophysical Phenomena},
         year = 2015,
        month = jan,
       volume = {32},
       number = {1},
          eid = {015014},
        pages = {015014},
          doi = {10.1088/0264-9381/32/1/015014},
archivePrefix = {arXiv},
       eprint = {1408.0740},
 primaryClass = {gr-qc},
       adsurl = {https://ui.adsabs.harvard.edu/abs/2015CQGra..32a5014M},
      adsnote = {Provided by the SAO/NASA Astrophysics Data System}
}


@ARTICLE{Enoki+Nagashima-2007,
       author = {{Enoki}, M. and {Nagashima}, M.},
        title = "{The Effect of Orbital Eccentricity on Gravitational Wave Background Radiation from Supermassive Black Hole Binaries}",
      journal = {Progress of Theoretical Physics},
     keywords = {Astrophysics, General Relativity and Quantum Cosmology},
         year = 2007,
        month = feb,
       volume = {117},
       number = {2},
        pages = {241-256},
          doi = {10.1143/PTP.117.241},
archivePrefix = {arXiv},
       eprint = {astro-ph/0609377},
 primaryClass = {astro-ph},
       adsurl = {https://ui.adsabs.harvard.edu/abs/2007PThPh.117..241E},
      adsnote = {Provided by the SAO/NASA Astrophysics Data System}
}



@ARTICLE{Phinney-2001,
   author = {{Phinney}, E.~S.},
    title = "{A Practical Theorem on Gravitational Wave Backgrounds}",
  journal = {ArXiv Astrophysics e-prints},
   eprint = {astro-ph/0108028},
 keywords = {Astrophysics, General Relativity and Quantum Cosmology},
     year = 2001,
    month = aug,
   adsurl = {http://adsabs.harvard.edu/abs/2001astro.ph..8028P},
  adsnote = {Provided by the SAO/NASA Astrophysics Data System}
}


@ARTICLE{Sato-Polito+2024,
       author = {{Sato-Polito}, Gabriela and {Zaldarriaga}, Matias and {Quataert}, Eliot},
        title = "{Where are the supermassive black holes measured by PTAs?}",
      journal = {\prd},
     keywords = {Astrophysics and astroparticle physics},
         year = 2024,
        month = sep,
       volume = {110},
       number = {6},
          eid = {063020},
        pages = {063020},
          doi = {10.1103/PhysRevD.110.063020},
       adsurl = {https://ui.adsabs.harvard.edu/abs/2024PhRvD.110f3020S},
      adsnote = {Provided by the SAO/NASA Astrophysics Data System}
}


@ARTICLE{Sesana+2008,
       author = {{Sesana}, A. and {Vecchio}, A. and {Colacino}, C.~N.},
        title = "{The stochastic gravitational-wave background from massive black hole binary systems: implications for observations with Pulsar Timing Arrays}",
      journal = {\mnras},
     keywords = {black hole physics, gravitational waves, pulsars: general, cosmology: theory, Astrophysics, General Relativity and Quantum Cosmology},
         year = 2008,
        month = oct,
       volume = {390},
       number = {1},
        pages = {192-209},
          doi = {10.1111/j.1365-2966.2008.13682.x},
archivePrefix = {arXiv},
       eprint = {0804.4476},
 primaryClass = {astro-ph},
       adsurl = {https://ui.adsabs.harvard.edu/abs/2008MNRAS.390..192S},
      adsnote = {Provided by the SAO/NASA Astrophysics Data System}
}

@ARTICLE{Sesana-2013,
       author = {{Sesana}, A.},
        title = "{Insights into the astrophysics of supermassive black hole binaries from pulsar timing observations}",
      journal = {Classical and Quantum Gravity},
     keywords = {Astrophysics - Cosmology and Nongalactic Astrophysics},
         year = 2013,
        month = nov,
       volume = {30},
       number = {22},
          eid = {224014},
        pages = {224014},
          doi = {10.1088/0264-9381/30/22/224014},
archivePrefix = {arXiv},
       eprint = {1307.2600},
 primaryClass = {astro-ph.CO},
       adsurl = {https://ui.adsabs.harvard.edu/abs/2013CQGra..30v4014S},
      adsnote = {Provided by the SAO/NASA Astrophysics Data System}
}


@ARTICLE{Thorne-1992,
       author = {{Thorne}, Kip S.},
        title = "{Gravitational-wave bursts with memory: The Christodoulou effect}",
      journal = {\prd},
     keywords = {04.30.+x, 04.20.Cv, 04.80.+z, Fundamental problems and general formalism},
         year = 1992,
        month = jan,
       volume = {45},
       number = {2},
        pages = {520-524},
          doi = {10.1103/PhysRevD.45.520},
       adsurl = {https://ui.adsabs.harvard.edu/abs/1992PhRvD..45..520T},
      adsnote = {Provided by the SAO/NASA Astrophysics Data System}
}


@ARTICLE{Favata-2010,
       author = {{Favata}, Marc},
        title = "{The gravitational-wave memory effect}",
      journal = {Classical and Quantum Gravity},
     keywords = {General Relativity and Quantum Cosmology, Astrophysics - High Energy Astrophysical Phenomena},
         year = 2010,
        month = apr,
       volume = {27},
       number = {8},
          eid = {084036},
        pages = {084036},
          doi = {10.1088/0264-9381/27/8/084036},
archivePrefix = {arXiv},
       eprint = {1003.3486},
 primaryClass = {gr-qc},
       adsurl = {https://ui.adsabs.harvard.edu/abs/2010CQGra..27h4036F},
      adsnote = {Provided by the SAO/NASA Astrophysics Data System}
}


@ARTICLE{Weisberg+2010,
       author = {{Weisberg}, J.~M. and {Nice}, D.~J. and {Taylor}, J.~H.},
        title = "{Timing Measurements of the Relativistic Binary Pulsar PSR B1913+16}",
      journal = {\apj},
     keywords = {binaries: close, gravitation, pulsars: individual: PSR B1913+16, stars: kinematics and dynamics, Astrophysics - Galaxy Astrophysics, General Relativity and Quantum Cosmology},
         year = 2010,
        month = oct,
       volume = {722},
       number = {2},
        pages = {1030-1034},
          doi = {10.1088/0004-637X/722/2/1030},
archivePrefix = {arXiv},
       eprint = {1011.0718},
 primaryClass = {astro-ph.GA},
       adsurl = {https://ui.adsabs.harvard.edu/abs/2010ApJ...722.1030W},
      adsnote = {Provided by the SAO/NASA Astrophysics Data System}
}


@ARTICLE{LVK-2023,
       author = {{Abbott}, R. and {Abbott}, T.~D. and {Acernese}, F. and {Ackley}, K. and {Adams}, C. and {Adhikari}, N. and {Adhikari}, R.~X. and {Adya}, V.~B. and {Affeldt}, C. and {Agarwal}, D. and {Agathos}, M. and {Agatsuma}, K. and {Aggarwal}, N. and {Aguiar}, O.~D. and {Aiello}, L. and {Ain}, A. and {Ajith}, P. and {Akcay}, S. and {Akutsu}, T. and {Albanesi}, S. and {Allocca}, A. and {Altin}, P.~A. and {Amato}, A. and {Anand}, C. and {Anand}, S. and {Ananyeva}, A. and {Anderson}, S.~B. and {Anderson}, W.~G. and {Ando}, M. and {Andrade}, T. and {Andres}, N. and {Andri{\'c}}, T. and {Angelova}, S.~V. and {Ansoldi}, S. and {Antelis}, J.~M. and {Antier}, S. and {Appert}, S. and {Arai}, Koji and {Arai}, Koya and {Arai}, Y. and {Araki}, S. and {Araya}, A. and {Araya}, M.~C. and {Areeda}, J.~S. and {Ar{\`e}ne}, M. and {Aritomi}, N. and {Arnaud}, N. and {Arogeti}, M. and {Aronson}, S.~M. and {Arun}, K.~G. and {Asada}, H. and {Asali}, Y. and {Ashton}, G. and {Aso}, Y. and {Assiduo}, M. and {Aston}, S.~M. and {Astone}, P. and {Aubin}, F. and {Austin}, C. and {Babak}, S. and {Badaracco}, F. and {Bader}, M.~K.~M. and {Badger}, C. and {Bae}, S. and {Bae}, Y. and {Baer}, A.~M. and {Bagnasco}, S. and {Bai}, Y. and {Baiotti}, L. and {Baird}, J. and {Bajpai}, R. and {Ball}, M. and {Ballardin}, G. and {Ballmer}, S.~W. and {Balsamo}, A. and {Baltus}, G. and {Banagiri}, S. and {Bankar}, D. and {Barayoga}, J.~C. and {Barbieri}, C. and {Barish}, B.~C. and {Barker}, D. and {Barneo}, P. and {Barone}, F. and {Barr}, B. and {Barsotti}, L. and {Barsuglia}, M. and {Barta}, D. and {Bartlett}, J. and {Barton}, M.~A. and {Bartos}, I. and {Bassiri}, R. and {Basti}, A. and {Bawaj}, M. and {Bayley}, J.~C. and {Baylor}, A.~C. and {Bazzan}, M. and {B{\'e}csy}, B. and {Bedakihale}, V.~M. and {Bejger}, M. and {Belahcene}, I. and {Benedetto}, V. and {Beniwal}, D. and {Bennett}, T.~F. and {Bentley}, J.~D. and {Benyaala}, M. and {Bergamin}, F. and {Berger}, B.~K. and {Bernuzzi}, S. and {Berry}, C.~P.~L. and {Bersanetti}, D. and {Bertolini}, A. and {Betzwieser}, J. and {Beveridge}, D. and {Bhandare}, R. and {Bhardwaj}, U. and {Bhattacharjee}, D. and {Bhaumik}, S. and {Bilenko}, I.~A. and {Billingsley}, G. and {Bini}, S. and {Birney}, R. and {Birnholtz}, O. and {Biscans}, S. and {Bischi}, M. and {Biscoveanu}, S. and {Bisht}, A. and {Biswas}, B. and {Bitossi}, M. and {Bizouard}, M. -A. and {Blackburn}, J.~K. and {Blair}, C.~D. and {Blair}, D.~G. and {Blair}, R.~M. and {Bobba}, F. and {Bode}, N. and {Boer}, M. and {Bogaert}, G. and {Boldrini}, M. and {Bonavena}, L.~D. and {Bondu}, F. and {Bonilla}, E. and {Bonnand}, R. and {Booker}, P. and {Boom}, B.~A. and {Bork}, R. and {Boschi}, V. and {Bose}, N. and {Bose}, S. and {Bossilkov}, V. and {Boudart}, V. and {Bouffanais}, Y. and {Bozzi}, A. and {Bradaschia}, C. and {Brady}, P.~R. and {Bramley}, A. and {Branch}, A. and {Branchesi}, M. and {Brandt}, J. and {Brau}, J.~E. and {Breschi}, M. and {Briant}, T. and {Briggs}, J.~H. and {Brillet}, A. and {Brinkmann}, M. and {Brockill}, P. and {Brooks}, A.~F. and {Brooks}, J. and {Brown}, D.~D. and {Brunett}, S. and {Bruno}, G. and {Bruntz}, R. and {Bryant}, J. and {Bulik}, T. and {Bulten}, H.~J. and {Buonanno}, A. and {Buscicchio}, R. and {Buskulic}, D. and {Buy}, C. and {Byer}, R.~L. and {Davies}, G.~S. Cabourn and {Cadonati}, L. and {Cagnoli}, G. and {Cahillane}, C. and {Bustillo}, J. Calder{\'o}n and {Callaghan}, J.~D. and {Callister}, T.~A. and {Calloni}, E. and {Cameron}, J. and {Camp}, J.~B. and {Canepa}, M. and {Canevarolo}, S. and {Cannavacciuolo}, M. and {Cannon}, K.~C. and {Cao}, H. and {Cao}, Z. and {Capocasa}, E. and {Capote}, E. and {Carapella}, G. and {Carbognani}, F. and {Carlin}, J.~B. and {Carney}, M.~F. and {Carpinelli}, M. and {Carrillo}, G. and {Carullo}, G. and {Carver}, T.~L. and {Diaz}, J. Casanueva and {Casentini}, C. and {Castaldi}, G. and {Caudill}, S. and {Cavagli{\`a}}, M. and {Cavalier}, F. and {Cavalieri}, R. and {Ceasar}, M. and {Cella}, G. and {Cerd{\'a}-Dur{\'a}n}, P. and {Cesarini}, E. and {Chaibi}, W. and {Chakravarti}, K. and {Subrahmanya}, S. Chalathadka and {Champion}, E. and {Chan}, C. -H. and {Chan}, C. and {Chan}, C.~L. and {Chan}, K. and {Chan}, M. and {Chandra}, K. and {Chanial}, P. and {Chao}, S. and {Chapman-Bird}, C.~E.~A. and {Charlton}, P. and {Chase}, E.~A. and {Chassande-Mottin}, E. and {Chatterjee}, C. and {Chatterjee}, Debarati and {Chatterjee}, Deep and {Chaturvedi}, M. and {Chaty}, S. and {Chatziioannou}, K. and {Chen}, C. and {Chen}, H.~Y. and {Chen}, J. and {Chen}, K. and {Chen}, X. and {Chen}, Y. -B. and {Chen}, Y. -R. and {Chen}, Z. and {Cheng}, H. and {Cheong}, C.~K. and {Cheung}, H.~Y. and {Chia}, H.~Y. and {Chiadini}, F. and {Chiang}, C. -Y. and {Chiarini}, G. and {Chierici}, R. and {Chincarini}, A. and {Chiofalo}, M.~L. and {Chiummo}, A. and {Cho}, G. and {Cho}, H.~S. and {Choudhary}, R.~K. and {Choudhary}, S. and {Christensen}, N. and {Chu}, H. and {Chu}, Q. and {Chu}, Y. -K. and {Chua}, S. and {Chung}, K.~W. and {Ciani}, G. and {Ciecielag}, P. and {Cie{\'s}lar}, M. and {Cifaldi}, M. and {Ciobanu}, A.~A. and {Ciolfi}, R. and {Cipriano}, F. and {Cirone}, A. and {Clara}, F. and {Clark}, E.~N. and {Clark}, J.~A. and {Clarke}, L. and {Clearwater}, P. and {Clesse}, S. and {Cleva}, F. and {Coccia}, E. and {Codazzo}, E. and {Cohadon}, P. -F. and {Cohen}, D.~E. and {Cohen}, L. and {Colleoni}, M. and {Collette}, C.~G. and {Colombo}, A. and {Colpi}, M. and {Compton}, C.~M. and {Constancio}, M. and {Conti}, L. and {Cooper}, S.~J. and {Corban}, P. and {Corbitt}, T.~R. and {Cordero-Carri{\'o}n}, I. and {Corezzi}, S. and {Corley}, K.~R. and {Cornish}, N. and {Corre}, D. and {Corsi}, A. and {Cortese}, S. and {Costa}, C.~A. and {Cotesta}, R. and {Coughlin}, M.~W. and {Coulon}, J. -P. and {Countryman}, S.~T. and {Cousins}, B. and {Couvares}, P. and {Coward}, D.~M. and {Cowart}, M.~J. and {Coyne}, D.~C. and {Coyne}, R. and {Creighton}, J.~D.~E. and {Creighton}, T.~D. and {Criswell}, A.~W. and {Croquette}, M. and {Crowder}, S.~G. and {Cudell}, J.~R. and {Cullen}, T.~J. and {Cumming}, A. and {Cummings}, R. and {Cunningham}, L. and {Cuoco}, E. and {Cury{\l}o}, M. and {Dabadie}, P. and {Canton}, T. Dal and {Dall'Osso}, S. and {D{\'a}lya}, G. and {Dana}, A. and {Daneshgaranbajastani}, L.~M. and {D'Angelo}, B. and {Danila}, B. and {Danilishin}, S. and {D'Antonio}, S. and {Danzmann}, K. and {Darsow-Fromm}, C. and {Dasgupta}, A. and {Datrier}, L.~E.~H. and {Dattilo}, V. and {Dave}, I. and {Davier}, M. and {Davis}, D. and {Davis}, M.~C. and {Daw}, E.~J. and {de Alarc{\'o}n}, P.~F. and {Dean}, R. and {Debra}, D. and {Deenadayalan}, M. and {Degallaix}, J. and {de Laurentis}, M. and {Del{\'e}glise}, S. and {Del Favero}, V. and {de Lillo}, F. and {de Lillo}, N. and {Del Pozzo}, W. and {Demarchi}, L.~M. and {de Matteis}, F. and {D'Emilio}, V. and {Demos}, N. and {Dent}, T. and {Depasse}, A. and {de Pietri}, R. and {De Rosa}, R. and {de Rossi}, C. and {Desalvo}, R. and {de Simone}, R. and {Dhurandhar}, S. and {D{\'\i}az}, M.~C. and {Diaz-Ortiz}, M. and {Didio}, N.~A. and {Dietrich}, T. and {di Fiore}, L. and {di Fronzo}, C. and {di Giorgio}, C. and {di Giovanni}, F. and {di Giovanni}, M. and {di Girolamo}, T. and {di Lieto}, A. and {Ding}, B. and {di Pace}, S. and {di Palma}, I. and {di Renzo}, F. and {Divakarla}, A.~K. and {Dmitriev}, A. and {Doctor}, Z. and {D'Onofrio}, L. and {Donovan}, F. and {Dooley}, K.~L. and {Doravari}, S. and {Dorrington}, I. and {Drago}, M. and {Driggers}, J.~C. and {Drori}, Y. and {Ducoin}, J. -G. and {Dupej}, P. and {Durante}, O. and {D'Urso}, D. and {Duverne}, P. -A. and {Dwyer}, S.~E. and {Eassa}, C. and {Easter}, P.~J. and {Ebersold}, M. and {Eckhardt}, T. and {Eddolls}, G. and {Edelman}, B. and {Edo}, T.~B. and {Edy}, O. and {Effler}, A. and {Eguchi}, S. and {Eichholz}, J. and {Eikenberry}, S.~S. and {Eisenmann}, M. and {Eisenstein}, R.~A. and {Ejlli}, A. and {Engelby}, E. and {Enomoto}, Y. and {Errico}, L. and {Essick}, R.~C. and {Estell{\'e}s}, H. and {Estevez}, D. and {Etienne}, Z. and {Etzel}, T. and {Evans}, M. and {Evans}, T.~M. and {Ewing}, B.~E. and {Fafone}, V. and {Fair}, H. and {Fairhurst}, S. and {Farah}, A.~M. and {Farinon}, S. and {Farr}, B. and {Farr}, W.~M. and {Farrow}, N.~W. and {Fauchon-Jones}, E.~J. and {Favaro}, G. and {Favata}, M. and {Fays}, M. and {Fazio}, M. and {Feicht}, J. and {Fejer}, M.~M. and {Fenyvesi}, E. and {Ferguson}, D.~L. and {Fernandez-Galiana}, A. and {Ferrante}, I. and {Ferreira}, T.~A. and {Fidecaro}, F. and {Figura}, P. and {Fiori}, I. and {Fishbach}, M. and {Fisher}, R.~P. and {Fittipaldi}, R. and {Fiumara}, V. and {Flaminio}, R. and {Floden}, E. and {Fong}, H. and {Font}, J.~A. and {Fornal}, B. and {Forsyth}, P.~W.~F. and {Franke}, A. and {Frasca}, S. and {Frasconi}, F. and {Frederick}, C. and {Freed}, J.~P. and {Frei}, Z. and {Freise}, A. and {Frey}, R. and {Fritschel}, P. and {Frolov}, V.~V. and {Fronz{\'e}}, G.~G. and {Fujii}, Y. and {Fujikawa}, Y. and {Fukunaga}, M. and {Fukushima}, M. and {Fulda}, P. and {Fyffe}, M. and {Gabbard}, H.~A. and {Gabella}, W.~E. and {Gadre}, B.~U. and {Gair}, J.~R. and {Gais}, J. and {Galaudage}, S. and {Gamba}, R. and {Ganapathy}, D. and {Ganguly}, A. and {Gao}, D. and {Gaonkar}, S.~G. and {Garaventa}, B. and {Garc{\'\i}a}, F. and {Garc{\'\i}a-N{\'u}{\~n}ez}, C. and {Garc{\'\i}a-Quir{\'o}s}, C. and {Garufi}, F. and {Gateley}, B. and {Gaudio}, S. and {Gayathri}, V. and {Ge}, G. -G. and {Gemme}, G. and {Gennai}, A. and {George}, J. and {George}, R.~N. and {Gerberding}, O. and {Gergely}, L. and {Gewecke}, P. and {Ghonge}, S. and {Ghosh}, Abhirup and {Ghosh}, Archisman and {Ghosh}, Shaon and {Ghosh}, Shrobana and {Giacomazzo}, B. and {Giacoppo}, L. and {Giaime}, J.~A. and {Giardina}, K.~D. and {Gibson}, D.~R. and {Gier}, C. and {Giesler}, M. and {Giri}, P. and {Gissi}, F. and {Glanzer}, J. and {Gleckl}, A.~E. and {Godwin}, P. and {Goetz}, E. and {Goetz}, R. and {Gohlke}, N. and {Golomb}, J. and {Goncharov}, B. and {Gonz{\'a}lez}, G. and {Gopakumar}, A. and {Gosselin}, M. and {Gouaty}, R. and {Gould}, D.~W. and {Grace}, B. and {Grado}, A. and {Granata}, M. and {Granata}, V. and {Grant}, A. and {Gras}, S. and {Grassia}, P. and {Gray}, C. and {Gray}, R. and {Greco}, G. and {Green}, A.~C. and {Green}, R. and {Gretarsson}, A.~M. and {Gretarsson}, E.~M. and {Griffith}, D. and {Griffiths}, W. and {Griggs}, H.~L. and {Grignani}, G. and {Grimaldi}, A. and {Grimm}, S.~J. and {Grote}, H. and {Grunewald}, S. and {Gruning}, P. and {Guerra}, D. and {Guidi}, G.~M. and {Guimaraes}, A.~R. and {Guix{\'e}}, G. and {Gulati}, H.~K. and {Guo}, H. -K. and {Guo}, Y. and {Gupta}, Anchal and {Gupta}, Anuradha and {Gupta}, P. and {Gustafson}, E.~K. and {Gustafson}, R. and {Guzman}, F. and {Ha}, S. and {Haegel}, L. and {Hagiwara}, A. and {Haino}, S. and {Halim}, O. and {Hall}, E.~D. and {Hamilton}, E.~Z. and {Hammond}, G. and {Han}, W. -B. and {Haney}, M. and {Hanks}, J. and {Hanna}, C. and {Hannam}, M.~D. and {Hannuksela}, O. and {Hansen}, H. and {Hansen}, T.~J. and {Hanson}, J. and {Harder}, T. and {Hardwick}, T. and {Haris}, K. and {Harms}, J. and {Harry}, G.~M. and {Harry}, I.~W. and {Hartwig}, D. and {Hasegawa}, K. and {Haskell}, B. and {Hasskew}, R.~K. and {Haster}, C. -J. and {Hattori}, K. and {Haughian}, K. and {Hayakawa}, H. and {Hayama}, K. and {Hayes}, F.~J. and {Healy}, J. and {Heidmann}, A. and {Heidt}, A. and {Heintze}, M.~C. and {Heinze}, J. and {Heinzel}, J. and {Heitmann}, H. and {Hellman}, F. and {Hello}, P. and {Helmling-Cornell}, A.~F. and {Hemming}, G. and {Hendry}, M. and {Heng}, I.~S. and {Hennes}, E. and {Hennig}, J. and {Hennig}, M.~H. and {Hernandez}, A.~G. and {Hernandez Vivanco}, F. and {Heurs}, M. and {Hild}, S. and {Hill}, P. and {Himemoto}, Y. and {Hines}, A.~S. and {Hiranuma}, Y. and {Hirata}, N. and {Hirose}, E. and {Hochheim}, S. and {Hofman}, D. and {Hohmann}, J.~N. and {Holcomb}, D.~G. and {Holland}, N.~A. and {Holley-Bockelmann}, K. and {Hollows}, I.~J. and {Holmes}, Z.~J. and {Holt}, K. and {Holz}, D.~E. and {Hong}, Z. and {Hopkins}, P. and {Hough}, J. and {Hourihane}, S. and {Howell}, E.~J. and {Hoy}, C.~G. and {Hoyland}, D. and {Hreibi}, A. and {Hsieh}, B. -H. and {Hsu}, Y. and {Huang}, G. -Z. and {Huang}, H. -Y. and {Huang}, P. and {Huang}, Y. -C. and {Huang}, Y. -J. and {Huang}, Y. and {H{\"u}bner}, M.~T. and {Huddart}, A.~D. and {Hughey}, B. and {Hui}, D.~C.~Y. and {Hui}, V. and {Husa}, S. and {Huttner}, S.~H. and {Huxford}, R. and {Huynh-Dinh}, T. and {Ide}, S. and {Idzkowski}, B. and {Iess}, A. and {Ikenoue}, B. and {Imam}, S. and {Inayoshi}, K. and {Ingram}, C. and {Inoue}, Y. and {Ioka}, K. and {Isi}, M. and {Isleif}, K. and {Ito}, K. and {Itoh}, Y. and {Iyer}, B.~R. and {Izumi}, K. and {Jaberianhamedan}, V. and {Jacqmin}, T. and {Jadhav}, S.~J. and {Jadhav}, S.~P. and {James}, A.~L. and {Jan}, A.~Z. and {Jani}, K. and {Janquart}, J. and {Janssens}, K. and {Janthalur}, N.~N. and {Jaranowski}, P. and {Jariwala}, D. and {Jaume}, R. and {Jenkins}, A.~C. and {Jenner}, K. and {Jeon}, C. and {Jeunon}, M. and {Jia}, W. and {Jin}, H. -B. and {Johns}, G.~R. and {Johnson-McDaniel}, N.~K. and {Jones}, A.~W. and {Jones}, D.~I. and {Jones}, J.~D. and {Jones}, P. and {Jones}, R. and {Jonker}, R.~J.~G. and {Ju}, L. and {Jung}, P. and {Jung}, K. and {Junker}, J. and {Juste}, V. and {Kaihotsu}, K. and {Kajita}, T. and {Kakizaki}, M. and {Kalaghatgi}, C.~V. and {Kalogera}, V. and {Kamai}, B. and {Kamiizumi}, M. and {Kanda}, N. and {Kandhasamy}, S. and {Kang}, G. and {Kanner}, J.~B. and {Kao}, Y. and {Kapadia}, S.~J. and {Kapasi}, D.~P. and {Karat}, S. and {Karathanasis}, C. and {Karki}, S. and {Kashyap}, R. and {Kasprzack}, M. and {Kastaun}, W. and {Katsanevas}, S. and {Katsavounidis}, E. and {Katzman}, W. and {Kaur}, T. and {Kawabe}, K. and {Kawaguchi}, K. and {Kawai}, N. and {Kawasaki}, T. and {K{\'e}f{\'e}lian}, F. and {Keitel}, D. and {Key}, J.~S. and {Khadka}, S. and {Khalili}, F.~Y. and {Khan}, S. and {Khazanov}, E.~A. and {Khetan}, N. and {Khursheed}, M. and {Kijbunchoo}, N. and {Kim}, C. and {Kim}, J.~C. and {Kim}, J. and {Kim}, K. and {Kim}, W.~S. and {Kim}, Y. -M. and {Kimball}, C. and {Kimura}, N. and {Kinley-Hanlon}, M. and {Kirchhoff}, R. and {Kissel}, J.~S. and {Kita}, N. and {Kitazawa}, H. and {Kleybolte}, L. and {Klimenko}, S. and {Knee}, A.~M. and {Knowles}, T.~D. and {Knyazev}, E. and {Koch}, P. and {Koekoek}, G. and {Kojima}, Y. and {Kokeyama}, K. and {Koley}, S. and {Kolitsidou}, P. and {Kolstein}, M. and {Komori}, K. and {Kondrashov}, V. and {Kong}, A.~K.~H. and {Kontos}, A. and {Koper}, N. and {Korobko}, M. and {Kotake}, K. and {Kovalam}, M. and {Kozak}, D.~B. and {Kozakai}, C. and {Kozu}, R. and {Kringel}, V. and {Krishnendu}, N.~V. and {Kr{\'o}lak}, A. and {Kuehn}, G. and {Kuei}, F. and {Kuijer}, P. and {Kulkarni}, S. and {Kumar}, A. and {Kumar}, P. and {Kumar}, Rahul and {Kumar}, Rakesh and {Kume}, J. and {Kuns}, K. and {Kuo}, C. and {Kuo}, H. -S. and {Kuromiya}, Y. and {Kuroyanagi}, S. and {Kusayanagi}, K. and {Kuwahara}, S. and {Kwak}, K. and {Lagabbe}, P. and {Laghi}, D. and {Lalande}, E. and {Lam}, T.~L. and {Lamberts}, A. and {Landry}, M. and {Lane}, B.~B. and {Lang}, R.~N. and {Lange}, J. and {Lantz}, B. and {La Rosa}, I. and {Lartaux-Vollard}, A. and {Lasky}, P.~D. and {Laxen}, M. and {Lazzarini}, A. and {Lazzaro}, C. and {Leaci}, P. and {Leavey}, S. and {Lecoeuche}, Y.~K. and {Lee}, H.~K. and {Lee}, H.~M. and {Lee}, H.~W. and {Lee}, J. and {Lee}, K. and {Lee}, R. and {Lehmann}, J. and {Lema{\^\i}tre}, A. and {Leonardi}, M. and {Leroy}, N. and {Letendre}, N. and {Levesque}, C. and {Levin}, Y. and {Leviton}, J.~N. and {Leyde}, K. and {Li}, A.~K.~Y. and {Li}, B. and {Li}, J. and {Li}, K.~L. and {Li}, T.~G.~F. and {Li}, X. and {Lin}, C. -Y. and {Lin}, F. -K. and {Lin}, F. -L. and {Lin}, H.~L. and {Lin}, L.~C. -C. and {Linde}, F. and {Linker}, S.~D. and {Linley}, J.~N. and {Littenberg}, T.~B. and {Liu}, G.~C. and {Liu}, J. and {Liu}, K. and {Liu}, X. and {Llamas}, F. and {Llorens-Monteagudo}, M. and {Lo}, R.~K.~L. and {Lockwood}, A. and {Loh}, M. and {London}, L.~T. and {Longo}, A. and {Lopez}, D. and {Portilla}, M. Lopez and {Lorenzini}, M. and {Loriette}, V. and {Lormand}, M. and {Losurdo}, G. and {Lott}, T.~P. and {Lough}, J.~D. and {Lousto}, C.~O. and {Lovelace}, G. and {Lucaccioni}, J.~F. and {L{\"u}ck}, H. and {Lumaca}, D. and {Lundgren}, A.~P. and {Luo}, L. -W. and {Lynam}, J.~E. and {Macas}, R. and {Macinnis}, M. and {MacLeod}, D.~M. and {MacMillan}, I.~A.~O. and {Macquet}, A. and {Hernandez}, I. Maga{\~n}a and {Magazz{\`u}}, C. and {Magee}, R.~M. and {Maggiore}, R. and {Magnozzi}, M. and {Mahesh}, S. and {Majorana}, E. and {Makarem}, C. and {Maksimovic}, I. and {Maliakal}, S. and {Malik}, A. and {Man}, N. and {Mandic}, V. and {Mangano}, V. and {Mango}, J.~L. and {Mansell}, G.~L. and {Manske}, M. and {Mantovani}, M. and {Mapelli}, M. and {Marchesoni}, F. and {Marchio}, M. and {Marion}, F. and {Mark}, Z. and {M{\'a}rka}, S. and {M{\'a}rka}, Z. and {Markakis}, C. and {Markosyan}, A.~S. and {Markowitz}, A. and {Maros}, E. and {Marquina}, A. and {Marsat}, S. and {Martelli}, F. and {Martin}, I.~W. and {Martin}, R.~M. and {Martinez}, M. and {Martinez}, V.~A. and {Martinez}, V. and {Martinovic}, K. and {Martynov}, D.~V. and {Marx}, E.~J. and {Masalehdan}, H. and {Mason}, K. and {Massera}, E. and {Masserot}, A. and {Massinger}, T.~J. and {Masso-Reid}, M. and {Mastrogiovanni}, S. and {Matas}, A. and {Mateu-Lucena}, M. and {Matichard}, F. and {Matiushechkina}, M. and {Mavalvala}, N. and {McCann}, J.~J. and {McCarthy}, R. and {McClelland}, D.~E. and {McClincy}, P.~K. and {McCormick}, S. and {McCuller}, L. and {McGhee}, G.~I. and {McGuire}, S.~C. and {McIsaac}, C. and {McIver}, J. and {McRae}, T. and {McWilliams}, S.~T. and {Meacher}, D. and {Mehmet}, M. and {Mehta}, A.~K. and {Meijer}, Q. and {Melatos}, A. and {Melchor}, D.~A. and {Mendell}, G. and {Menendez-Vazquez}, A. and {Menoni}, C.~S. and {Mercer}, R.~A. and {Mereni}, L. and {Merfeld}, K. and {Merilh}, E.~L. and {Merritt}, J.~D. and {Merzougui}, M. and {Meshkov}, S. and {Messenger}, C. and {Messick}, C. and {Meyers}, P.~M. and {Meylahn}, F. and {Mhaske}, A. and {Miani}, A. and {Miao}, H. and {Michaloliakos}, I. and {Michel}, C. and {Michimura}, Y. and {Middleton}, H. and {Milano}, L. and {Miller}, A.~L. and {Miller}, A. and {Miller}, B. and {Millhouse}, M. and {Mills}, J.~C. and {Milotti}, E. and {Minazzoli}, O. and {Minenkov}, Y. and {Mio}, N. and {Mir}, Ll. M. and {Miravet-Ten{\'e}s}, M. and {Mishra}, C. and {Mishra}, T. and {Mistry}, T. and {Mitra}, S. and {Mitrofanov}, V.~P. and {Mitselmakher}, G. and {Mittleman}, R. and {Miyakawa}, O. and {Miyamoto}, A. and {Miyazaki}, Y. and {Miyo}, K. and {Miyoki}, S. and {Mo}, Geoffrey and {Modafferi}, L.~M. and {Moguel}, E. and {Mogushi}, K. and {Mohapatra}, S.~R.~P. and {Mohite}, S.~R. and {Molina}, I. and {Molina-Ruiz}, M. and {Mondin}, M. and {Montani}, M. and {Moore}, C.~J. and {Moraru}, D. and {Morawski}, F. and {More}, A. and {Moreno}, C. and {Moreno}, G. and {Mori}, Y. and {Morisaki}, S. and {Moriwaki}, Y. and {Morr{\'a}s}, G. and {Mours}, B. and {Mow-Lowry}, C.~M. and {Mozzon}, S. and {Muciaccia}, F. and {Mukherjee}, Arunava and {Mukherjee}, D. and {Mukherjee}, Soma and {Mukherjee}, Subroto and {Mukherjee}, Suvodip and {Mukund}, N. and {Mullavey}, A. and {Munch}, J. and {Mu{\~n}iz}, E.~A. and {Murray}, P.~G. and {Musenich}, R. and {Muusse}, S. and {Nadji}, S.~L. and {Nagano}, K. and {Nagano}, S. and {Nagar}, A. and {Nakamura}, K. and {Nakano}, H. and {Nakano}, M. and {Nakashima}, R. and {Nakayama}, Y. and {Napolano}, V. and {Nardecchia}, I. and {Narikawa}, T. and {Naticchioni}, L. and {Nayak}, B. and {Nayak}, R.~K. and {Negishi}, R. and {Neil}, B.~F. and {Neilson}, J. and {Nelemans}, G. and {Nelson}, T.~J.~N. and {Nery}, M. and {Neubauer}, P. and {Neunzert}, A. and {Ng}, K.~Y. and {Ng}, S.~W.~S. and {Nguyen}, C. and {Nguyen}, P. and {Nguyen}, T. and {Quynh}, L. Nguyen and {Ni}, W. -T. and {Nichols}, S.~A. and {Nishizawa}, A. and {Nissanke}, S. and {Nitoglia}, E. and {Nocera}, F. and {Norman}, M. and {North}, C. and {Nozaki}, S. and {Siles}, J.~F. Nu{\~n}o and {Nuttall}, L.~K. and {Oberling}, J. and {O'Brien}, B.~D. and {Obuchi}, Y. and {O'Dell}, J. and {Oelker}, E. and {Ogaki}, W. and {Oganesyan}, G. and {Oh}, J.~J. and {Oh}, K. and {Oh}, S.~H. and {Ohashi}, M. and {Ohishi}, N. and {Ohkawa}, M. and {Ohme}, F. and {Ohta}, H. and {Okada}, M.~A. and {Okutani}, Y. and {Okutomi}, K. and {Olivetto}, C. and {Oohara}, K. and {Ooi}, C. and {Oram}, R. and {O'Reilly}, B. and {Ormiston}, R.~G. and {Ormsby}, N.~D. and {Ortega}, L.~F. and {O'Shaughnessy}, R. and {O'Shea}, E. and {Oshino}, S. and {Ossokine}, S. and {Osthelder}, C. and {Otabe}, S. and {Ottaway}, D.~J. and {Overmier}, H. and {Pace}, A.~E. and {Pagano}, G. and {Page}, M.~A. and {Pagliaroli}, G. and {Pai}, A. and {Pai}, S.~A. and {Palamos}, J.~R. and {Palashov}, O. and {Palomba}, C. and {Pan}, H. and {Pan}, K. and {Panda}, P.~K. and {Pang}, H. and {Pang}, P.~T.~H. and {Pankow}, C. and {Pannarale}, F. and {Pant}, B.~C. and {Panther}, F.~H. and {Paoletti}, F. and {Paoli}, A. and {Paolone}, A. and {Parisi}, A. and {Park}, H. and {Park}, J. and {Parker}, W. and {Pascucci}, D. and {Pasqualetti}, A. and {Passaquieti}, R. and {Passuello}, D. and {Patel}, M. and {Pathak}, M. and {Patricelli}, B. and {Patron}, A.~S. and {Paul}, S. and {Payne}, E. and {Pedraza}, M. and {Pegoraro}, M. and {Pele}, A. and {Arellano}, F.~E. Pe{\~n}a and {Penn}, S. and {Perego}, A. and {Pereira}, A. and {Pereira}, T. and {Perez}, C.~J. and {P{\'e}rigois}, C. and {Perkins}, C.~C. and {Perreca}, A. and {Perri{\`e}s}, S. and {Petermann}, J. and {Petterson}, D. and {Pfeiffer}, H.~P. and {Pham}, K.~A. and {Phukon}, K.~S. and {Piccinni}, O.~J. and {Pichot}, M. and {Piendibene}, M. and {Piergiovanni}, F. and {Pierini}, L. and {Pierro}, V. and {Pillant}, G. and {Pillas}, M. and {Pilo}, F. and {Pinard}, L. and {Pinto}, I.~M. and {Pinto}, M. and {Piotrzkowski}, B. and {Piotrzkowski}, K. and {Pirello}, M. and {Pitkin}, M.~D. and {Placidi}, E. and {Planas}, L. and {Plastino}, W. and {Pluchar}, C. and {Poggiani}, R. and {Polini}, E. and {Pong}, D.~Y.~T. and {Ponrathnam}, S. and {Popolizio}, P. and {Porter}, E.~K. and {Poulton}, R. and {Powell}, J. and {Pracchia}, M. and {Pradier}, T. and {Prajapati}, A.~K. and {Prasai}, K. and {Prasanna}, R. and {Pratten}, G. and {Principe}, M. and {Prodi}, G.~A. and {Prokhorov}, L. and {Prosposito}, P. and {Prudenzi}, L. and {Puecher}, A. and {Punturo}, M. and {Puosi}, F. and {Puppo}, P. and {P{\"u}rrer}, M. and {Qi}, H. and {Quetschke}, V. and {Quitzow-James}, R. and {Qutob}, N. and {Raab}, F.~J. and {Raaijmakers}, G. and {Radkins}, H. and {Radulesco}, N. and {Raffai}, P. and {Rail}, S.~X. and {Raja}, S. and {Rajan}, C. and {Ramirez}, K.~E. and {Ramirez}, T.~D. and {Ramos-Buades}, A. and {Rana}, J. and {Rapagnani}, P. and {Rapol}, U.~D. and {Ray}, A. and {Raymond}, V. and {Raza}, N. and {Razzano}, M. and {Read}, J. and {Rees}, L.~A. and {Regimbau}, T. and {Rei}, L. and {Reid}, S. and {Reid}, S.~W. and {Reitze}, D.~H. and {Relton}, P. and {Renzini}, A. and {Rettegno}, P. and {Reza}, A. and {Rezac}, M. and {Ricci}, F. and {Richards}, D. and {Richardson}, J.~W. and {Richardson}, L. and {Riemenschneider}, G. and {Riles}, K. and {Rinaldi}, S. and {Rink}, K. and {Rizzo}, M. and {Robertson}, N.~A. and {Robie}, R. and {Robinet}, F. and {Rocchi}, A. and {Rodriguez}, S. and {Rolland}, L. and {Rollins}, J.~G. and {Romanelli}, M. and {Romano}, R. and {Romel}, C.~L. and {Romero-Rodr{\'\i}guez}, A. and {Romero-Shaw}, I.~M. and {Romie}, J.~H. and {Ronchini}, S. and {Rosa}, L. and {Rose}, C.~A. and {Rosi{\'n}ska}, D. and {Ross}, M.~P. and {Rowan}, S. and {Rowlinson}, S.~J. and {Roy}, S. and {Roy}, Santosh and {Roy}, Soumen and {Rozza}, D. and {Ruggi}, P. and {Ruiz-Rocha}, K. and {Ryan}, K. and {Sachdev}, S. and {Sadecki}, T. and {Sadiq}, J. and {Sago}, N. and {Saito}, S. and {Saito}, Y. and {Sakai}, K. and {Sakai}, Y. and {Sakellariadou}, M. and {Sakuno}, Y. and {Salafia}, O.~S. and {Salconi}, L. and {Saleem}, M. and {Salemi}, F. and {Samajdar}, A. and {Sanchez}, E.~J. and {Sanchez}, J.~H. and {Sanchez}, L.~E. and {Sanchis-Gual}, N. and {Sanders}, J.~R. and {Sanuy}, A. and {Saravanan}, T.~R. and {Sarin}, N. and {Sassolas}, B. and {Satari}, H. and {Sathyaprakash}, B.~S. and {Sato}, S. and {Sato}, T. and {Sauter}, O. and {Savage}, R.~L. and {Sawada}, T. and {Sawant}, D. and {Sawant}, H.~L. and {Sayah}, S. and {Schaetzl}, D. and {Scheel}, M. and {Scheuer}, J. and {Schiworski}, M. and {Schmidt}, P. and {Schmidt}, S. and {Schnabel}, R. and {Schneewind}, M. and {Schofield}, R.~M.~S. and {Sch{\"o}nbeck}, A. and {Schulte}, B.~W. and {Schutz}, B.~F. and {Schwartz}, E. and {Scott}, J. and {Scott}, S.~M. and {Seglar-Arroyo}, M. and {Sekiguchi}, T. and {Sekiguchi}, Y. and {Sellers}, D. and {Sengupta}, A.~S. and {Sentenac}, D. and {Seo}, E.~G. and {Sequino}, V. and {Sergeev}, A. and {Setyawati}, Y. and {Shaffer}, T. and {Shahriar}, M.~S. and {Shams}, B. and {Shao}, L. and {Sharma}, A. and {Sharma}, P. and {Shawhan}, P. and {Shcheblanov}, N.~S. and {Shibagaki}, S. and {Shikauchi}, M. and {Shimizu}, R. and {Shimoda}, T. and {Shimode}, K. and {Shinkai}, H. and {Shishido}, T. and {Shoda}, A. and {Shoemaker}, D.~H. and {Shoemaker}, D.~M. and {Shyamsundar}, S. and {Sieniawska}, M. and {Sigg}, D. and {Singer}, L.~P. and {Singh}, D. and {Singh}, N. and {Singha}, A. and {Sintes}, A.~M. and {Sipala}, V. and {Skliris}, V. and {Slagmolen}, B.~J.~J. and {Slaven-Blair}, T.~J. and {Smetana}, J. and {Smith}, J.~R. and {Smith}, R.~J.~E. and {Soldateschi}, J. and {Somala}, S.~N. and {Somiya}, K. and {Son}, E.~J. and {Soni}, K. and {Soni}, S. and {Sordini}, V. and {Sorrentino}, F. and {Sorrentino}, N. and {Sotani}, H. and {Soulard}, R. and {Souradeep}, T. and {Sowell}, E. and {Spagnuolo}, V. and {Spencer}, A.~P. and {Spera}, M. and {Srinivasan}, R. and {Srivastava}, A.~K. and {Srivastava}, V. and {Staats}, K. and {Stachie}, C. and {Steer}, D.~A. and {Steinhoff}, J. and {Steinlechner}, J. and {Steinlechner}, S. and {Stevenson}, S.~P. and {Stops}, D.~J. and {Stover}, M. and {Strain}, K.~A. and {Strang}, L.~C. and {Stratta}, G. and {Strunk}, A. and {Sturani}, R. and {Stuver}, A.~L. and {Sudhagar}, S. and {Sudhir}, V. and {Sugimoto}, R. and {Suh}, H.~G. and {Sullivan}, A.~G. and {Sullivan}, J.~M. and {Summerscales}, T.~Z. and {Sun}, H. and {Sun}, L. and {Sunil}, S. and {Sur}, A. and {Suresh}, J. and {Sutton}, P.~J. and {Suzuki}, Takamasa and {Suzuki}, Toshikazu and {Swinkels}, B.~L. and {Szczepa{\'n}czyk}, M.~J. and {Szewczyk}, P. and {Tacca}, M. and {Tagoshi}, H. and {Tait}, S.~C. and {Takahashi}, H. and {Takahashi}, R. and {Takamori}, A. and {Takano}, S. and {Takeda}, H. and {Takeda}, M. and {Talbot}, C.~J. and {Talbot}, C. and {Tanaka}, H. and {Tanaka}, Kazuyuki and {Tanaka}, Kenta and {Tanaka}, Taiki and {Tanaka}, Takahiro and {Tanasijczuk}, A.~J. and {Tanioka}, S. and {Tanner}, D.~B. and {Tao}, D. and {Tao}, L. and {Mart{\'\i}n}, E.~N. Tapia San and {Taranto}, C. and {Tasson}, J.~D. and {Telada}, S. and {Tenorio}, R. and {Terhune}, J.~E. and {Terkowski}, L. and {Thirugnanasambandam}, M.~P. and {Thomas}, L. and {Thomas}, M. and {Thomas}, P. and {Thompson}, J.~E. and {Thondapu}, S.~R. and {Thorne}, K.~A. and {Thrane}, E. and {Tiwari}, Shubhanshu and {Tiwari}, Srishti and {Tiwari}, V. and {Toivonen}, A.~M. and {Toland}, K. and {Tolley}, A.~E. and {Tomaru}, T. and {Tomigami}, Y. and {Tomura}, T. and {Tonelli}, M. and {Torres-Forn{\'e}}, A. and {Torrie}, C.~I. and {E Melo}, I. Tosta and {T{\"o}yr{\"a}}, D. and {Trapananti}, A. and {Travasso}, F. and {Traylor}, G. and {Trevor}, M. and {Tringali}, M.~C. and {Tripathee}, A. and {Troiano}, L. and {Trovato}, A. and {Trozzo}, L. and {Trudeau}, R.~J. and {Tsai}, D.~S. and {Tsai}, D. and {Tsang}, K.~W. and {Tsang}, T. and {Tsao}, J. -S. and {Tse}, M. and {Tso}, R. and {Tsubono}, K. and {Tsuchida}, S. and {Tsukada}, L. and {Tsuna}, D. and {Tsutsui}, T. and {Tsuzuki}, T. and {Turbang}, K. and {Turconi}, M. and {Tuyenbayev}, D. and {Ubhi}, A.~S. and {Uchikata}, N. and {Uchiyama}, T. and {Udall}, R.~P. and {Ueda}, A. and {Uehara}, T. and {Ueno}, K. and {Ueshima}, G. and {Unnikrishnan}, C.~S. and {Uraguchi}, F. and {Urban}, A.~L. and {Ushiba}, T. and {Utina}, A. and {Vahlbruch}, H. and {Vajente}, G. and {Vajpeyi}, A. and {Valdes}, G. and {Valentini}, M. and {Valsan}, V. and {van Bakel}, N. and {van Beuzekom}, M. and {van den Brand}, J.~F.~J. and {van den Broeck}, C. and {Vander-Hyde}, D.~C. and {van der Schaaf}, L. and {van Heijningen}, J.~V. and {Vanosky}, J. and {van Putten}, M.~H.~P.~M. and {van Remortel}, N. and {Vardaro}, M. and {Vargas}, A.~F. and {Varma}, V. and {Vas{\'u}th}, M. and {Vecchio}, A. and {Vedovato}, G. and {Veitch}, J. and {Veitch}, P.~J. and {Venneberg}, J. and {Venugopalan}, G. and {Verkindt}, D. and {Verma}, P. and {Verma}, Y. and {Veske}, D. and {Vetrano}, F. and {Vicer{\'e}}, A. and {Vidyant}, S. and {Viets}, A.~D. and {Vijaykumar}, A. and {Villa-Ortega}, V. and {Vinet}, J. -Y. and {Virtuoso}, A. and {Vitale}, S. and {Vo}, T. and {Vocca}, H. and {von Reis}, E.~R.~G. and {von Wrangel}, J.~S.~A. and {Vorvick}, C. and {Vyatchanin}, S.~P. and {Wade}, L.~E. and {Wade}, M. and {Wagner}, K.~J. and {Walet}, R.~C. and {Walker}, M. and {Wallace}, G.~S. and {Wallace}, L. and {Walsh}, S. and {Wang}, J. and {Wang}, J.~Z. and {Wang}, W.~H. and {Ward}, R.~L. and {Warner}, J. and {Was}, M. and {Washimi}, T. and {Washington}, N.~Y. and {Watchi}, J. and {Weaver}, B. and {Webster}, S.~A. and {Weinert}, M. and {Weinstein}, A.~J. and {Weiss}, R. and {Weller}, C.~M. and {Weller}, R.~A. and {Wellmann}, F. and {Wen}, L. and {We{\ss}els}, P. and {Wette}, K. and {Whelan}, J.~T. and {White}, D.~D. and {Whiting}, B.~F. and {Whittle}, C. and {Wilken}, D. and {Williams}, D. and {Williams}, M.~J. and {Williams}, N. and {Williamson}, A.~R. and {Willis}, J.~L. and {Willke}, B. and {Wilson}, D.~J. and {Winkler}, W. and {Wipf}, C.~C. and {Wlodarczyk}, T. and {Woan}, G. and {Woehler}, J. and {Wofford}, J.~K. and {Wong}, I.~C.~F. and {Wu}, C. and {Wu}, D.~S. and {Wu}, H. and {Wu}, S. and {Wysocki}, D.~M. and {Xiao}, L. and {Xu}, W. -R. and {Yamada}, T. and {Yamamoto}, H. and {Yamamoto}, Kazuhiro and {Yamamoto}, Kohei and {Yamamoto}, T. and {Yamashita}, K. and {Yamazaki}, R. and {Yang}, F.~W. and {Yang}, L. and {Yang}, Y. and {Yang}, Yang and {Yang}, Z. and {Yap}, M.~J. and {Yeeles}, D.~W. and {Yelikar}, A.~B. and {Ying}, M. and {Yokogawa}, K. and {Yokoyama}, J. and {Yokozawa}, T. and {Yoo}, J. and {Yoshioka}, T. and {Yu}, Hang and {Yu}, Haocun and {Yuzurihara}, H. and {Zadro{\.z}ny}, A. and {Zanolin}, M. and {Zeidler}, S. and {Zelenova}, T. and {Zendri}, J. -P. and {Zevin}, M. and {Zhan}, M. and {Zhang}, H. and {Zhang}, J. and {Zhang}, L. and {Zhang}, T. and {Zhang}, Y. and {Zhao}, C. and {Zhao}, G. and {Zhao}, Y. and {Zhao}, Yue and {Zheng}, Y. and {Zhou}, R. and {Zhou}, Z. and {Zhu}, X.~J. and {Zhu}, Z. -H. and {Zimmerman}, A.~B. and {Zlochower}, Y. and {Zucker}, M.~E. and {Zweizig}, J. and {Ligo Scientific Collaboration} and {VIRGO Collaboration} and {Kagra Collaboration}},
        title = "{GWTC-3: Compact Binary Coalescences Observed by LIGO and Virgo during the Second Part of the Third Observing Run}",
      journal = {Physical Review X},
     keywords = {General Relativity and Quantum Cosmology, Astrophysics - High Energy Astrophysical Phenomena},
         year = 2023,
        month = oct,
       volume = {13},
       number = {4},
          eid = {041039},
        pages = {041039},
          doi = {10.1103/PhysRevX.13.041039},
archivePrefix = {arXiv},
       eprint = {2111.03606},
 primaryClass = {gr-qc},
       adsurl = {https://ui.adsabs.harvard.edu/abs/2023PhRvX..13d1039A},
      adsnote = {Provided by the SAO/NASA Astrophysics Data System}
}


@ARTICLE{EHT-2019,
       author = {{Event Horizon Telescope Collaboration} and {Akiyama}, Kazunori and {Alberdi}, Antxon and {Alef}, Walter and {Asada}, Keiichi and {Azulay}, Rebecca and {Baczko}, Anne-Kathrin and {Ball}, David and {Balokovi{\'c}}, Mislav and {Barrett}, John and {Bintley}, Dan and {Blackburn}, Lindy and {Boland}, Wilfred and {Bouman}, Katherine L. and {Bower}, Geoffrey C. and {Bremer}, Michael and {Brinkerink}, Christiaan D. and {Brissenden}, Roger and {Britzen}, Silke and {Broderick}, Avery E. and {Broguiere}, Dominique and {Bronzwaer}, Thomas and {Byun}, Do-Young and {Carlstrom}, John E. and {Chael}, Andrew and {Chan}, Chi-kwan and {Chatterjee}, Shami and {Chatterjee}, Koushik and {Chen}, Ming-Tang and {Chen}, Yongjun and {Cho}, Ilje and {Christian}, Pierre and {Conway}, John E. and {Cordes}, James M. and {Crew}, Geoffrey B. and {Cui}, Yuzhu and {Davelaar}, Jordy and {De Laurentis}, Mariafelicia and {Deane}, Roger and {Dempsey}, Jessica and {Desvignes}, Gregory and {Dexter}, Jason and {Doeleman}, Sheperd S. and {Eatough}, Ralph P. and {Falcke}, Heino and {Fish}, Vincent L. and {Fomalont}, Ed and {Fraga-Encinas}, Raquel and {Freeman}, William T. and {Friberg}, Per and {Fromm}, Christian M. and {G{\'o}mez}, Jos{\'e} L. and {Galison}, Peter and {Gammie}, Charles F. and {Garc{\'\i}a}, Roberto and {Gentaz}, Olivier and {Georgiev}, Boris and {Goddi}, Ciriaco and {Gold}, Roman and {Gu}, Minfeng and {Gurwell}, Mark and {Hada}, Kazuhiro and {Hecht}, Michael H. and {Hesper}, Ronald and {Ho}, Luis C. and {Ho}, Paul and {Honma}, Mareki and {Huang}, Chih-Wei L. and {Huang}, Lei and {Hughes}, David H. and {Ikeda}, Shiro and {Inoue}, Makoto and {Issaoun}, Sara and {James}, David J. and {Jannuzi}, Buell T. and {Janssen}, Michael and {Jeter}, Britton and {Jiang}, Wu and {Johnson}, Michael D. and {Jorstad}, Svetlana and {Jung}, Taehyun and {Karami}, Mansour and {Karuppusamy}, Ramesh and {Kawashima}, Tomohisa and {Keating}, Garrett K. and {Kettenis}, Mark and {Kim}, Jae-Young and {Kim}, Junhan and {Kim}, Jongsoo and {Kino}, Motoki and {Koay}, Jun Yi and {Koch}, Patrick M. and {Koyama}, Shoko and {Kramer}, Michael and {Kramer}, Carsten and {Krichbaum}, Thomas P. and {Kuo}, Cheng-Yu and {Lauer}, Tod R. and {Lee}, Sang-Sung and {Li}, Yan-Rong and {Li}, Zhiyuan and {Lindqvist}, Michael and {Liu}, Kuo and {Liuzzo}, Elisabetta and {Lo}, Wen-Ping and {Lobanov}, Andrei P. and {Loinard}, Laurent and {Lonsdale}, Colin and {Lu}, Ru-Sen and {MacDonald}, Nicholas R. and {Mao}, Jirong and {Markoff}, Sera and {Marrone}, Daniel P. and {Marscher}, Alan P. and {Mart{\'\i}-Vidal}, Iv{\'a}n and {Matsushita}, Satoki and {Matthews}, Lynn D. and {Medeiros}, Lia and {Menten}, Karl M. and {Mizuno}, Yosuke and {Mizuno}, Izumi and {Moran}, James M. and {Moriyama}, Kotaro and {Moscibrodzka}, Monika and {M{\"u}ller}, Cornelia and {Nagai}, Hiroshi and {Nagar}, Neil M. and {Nakamura}, Masanori and {Narayan}, Ramesh and {Narayanan}, Gopal and {Natarajan}, Iniyan and {Neri}, Roberto and {Ni}, Chunchong and {Noutsos}, Aristeidis and {Okino}, Hiroki and {Olivares}, H{\'e}ctor and {Ortiz-Le{\'o}n}, Gisela N. and {Oyama}, Tomoaki and {{\"O}zel}, Feryal and {Palumbo}, Daniel C.~M. and {Patel}, Nimesh and {Pen}, Ue-Li and {Pesce}, Dominic W. and {Pi{\'e}tu}, Vincent and {Plambeck}, Richard and {PopStefanija}, Aleksandar and {Porth}, Oliver and {Prather}, Ben and {Preciado-L{\'o}pez}, Jorge A. and {Psaltis}, Dimitrios and {Pu}, Hung-Yi and {Ramakrishnan}, Venkatessh and {Rao}, Ramprasad and {Rawlings}, Mark G. and {Raymond}, Alexander W. and {Rezzolla}, Luciano and {Ripperda}, Bart and {Roelofs}, Freek and {Rogers}, Alan and {Ros}, Eduardo and {Rose}, Mel and {Roshanineshat}, Arash and {Rottmann}, Helge and {Roy}, Alan L. and {Ruszczyk}, Chet and {Ryan}, Benjamin R. and {Rygl}, Kazi L.~J. and {S{\'a}nchez}, Salvador and {S{\'a}nchez-Arguelles}, David and {Sasada}, Mahito and {Savolainen}, Tuomas and {Schloerb}, F. Peter and {Schuster}, Karl-Friedrich and {Shao}, Lijing and {Shen}, Zhiqiang and {Small}, Des and {Sohn}, Bong Won and {SooHoo}, Jason and {Tazaki}, Fumie and {Tiede}, Paul and {Tilanus}, Remo P.~J. and {Titus}, Michael and {Toma}, Kenji and {Torne}, Pablo and {Trent}, Tyler and {Trippe}, Sascha and {Tsuda}, Shuichiro and {van Bemmel}, Ilse and {van Langevelde}, Huib Jan and {van Rossum}, Daniel R. and {Wagner}, Jan and {Wardle}, John and {Weintroub}, Jonathan and {Wex}, Norbert and {Wharton}, Robert and {Wielgus}, Maciek and {Wong}, George N. and {Wu}, Qingwen and {Young}, Ken and {Young}, Andr{\'e} and {Younsi}, Ziri and {Yuan}, Feng and {Yuan}, Ye-Fei and {Zensus}, J. Anton and {Zhao}, Guangyao and {Zhao}, Shan-Shan and {Zhu}, Ziyan and {Algaba}, Juan-Carlos and {Allardi}, Alexander and {Amestica}, Rodrigo and {Anczarski}, Jadyn and {Bach}, Uwe and {Baganoff}, Frederick K. and {Beaudoin}, Christopher and {Benson}, Bradford A. and {Berthold}, Ryan and {Blanchard}, Jay M. and {Blundell}, Ray and {Bustamente}, Sandra and {Cappallo}, Roger and {Castillo-Dom{\'\i}nguez}, Edgar and {Chang}, Chih-Cheng and {Chang}, Shu-Hao and {Chang}, Song-Chu and {Chen}, Chung-Chen and {Chilson}, Ryan and {Chuter}, Tim C. and {C{\'o}rdova Rosado}, Rodrigo and {Coulson}, Iain M. and {Crawford}, Thomas M. and {Crowley}, Joseph and {David}, John and {Derome}, Mark and {Dexter}, Matthew and {Dornbusch}, Sven and {Dudevoir}, Kevin A. and {Dzib}, Sergio A. and {Eckart}, Andreas and {Eckert}, Chris and {Erickson}, Neal R. and {Everett}, Wendeline B. and {Faber}, Aaron and {Farah}, Joseph R. and {Fath}, Vernon and {Folkers}, Thomas W. and {Forbes}, David C. and {Freund}, Robert and {G{\'o}mez-Ruiz}, Arturo I. and {Gale}, David M. and {Gao}, Feng and {Geertsema}, Gertie and {Graham}, David A. and {Greer}, Christopher H. and {Grosslein}, Ronald and {Gueth}, Fr{\'e}d{\'e}ric and {Haggard}, Daryl and {Halverson}, Nils W. and {Han}, Chih-Chiang and {Han}, Kuo-Chang and {Hao}, Jinchi and {Hasegawa}, Yutaka and {Henning}, Jason W. and {Hern{\'a}ndez-G{\'o}mez}, Antonio and {Herrero-Illana}, Rub{\'e}n and {Heyminck}, Stefan and {Hirota}, Akihiko and {Hoge}, James and {Huang}, Yau-De and {Impellizzeri}, C.~M. Violette and {Jiang}, Homin and {Kamble}, Atish and {Keisler}, Ryan and {Kimura}, Kimihiro and {Kono}, Yusuke and {Kubo}, Derek and {Kuroda}, John and {Lacasse}, Richard and {Laing}, Robert A. and {Leitch}, Erik M. and {Li}, Chao-Te and {Lin}, Lupin C. -C. and {Liu}, Ching-Tang and {Liu}, Kuan-Yu and {Lu}, Li-Ming and {Marson}, Ralph G. and {Martin-Cocher}, Pierre L. and {Massingill}, Kyle D. and {Matulonis}, Callie and {McColl}, Martin P. and {McWhirter}, Stephen R. and {Messias}, Hugo and {Meyer-Zhao}, Zheng and {Michalik}, Daniel and {Monta{\~n}a}, Alfredo and {Montgomerie}, William and {Mora-Klein}, Matias and {Muders}, Dirk and {Nadolski}, Andrew and {Navarro}, Santiago and {Neilsen}, Joseph and {Nguyen}, Chi H. and {Nishioka}, Hiroaki and {Norton}, Timothy and {Nowak}, Michael A. and {Nystrom}, George and {Ogawa}, Hideo and {Oshiro}, Peter and {Oyama}, Tomoaki and {Parsons}, Harriet and {Paine}, Scott N. and {Pe{\~n}alver}, Juan and {Phillips}, Neil M. and {Poirier}, Michael and {Pradel}, Nicolas and {Primiani}, Rurik A. and {Raffin}, Philippe A. and {Rahlin}, Alexandra S. and {Reiland}, George and {Risacher}, Christopher and {Ruiz}, Ignacio and {S{\'a}ez-Mada{\'\i}n}, Alejandro F. and {Sassella}, Remi and {Schellart}, Pim and {Shaw}, Paul and {Silva}, Kevin M. and {Shiokawa}, Hotaka and {Smith}, David R. and {Snow}, William and {Souccar}, Kamal and {Sousa}, Don and {Sridharan}, T.~K. and {Srinivasan}, Ranjani and {Stahm}, William and {Stark}, Anthony A. and {Story}, Kyle and {Timmer}, Sjoerd T. and {Vertatschitsch}, Laura and {Walther}, Craig and {Wei}, Ta-Shun and {Whitehorn}, Nathan and {Whitney}, Alan R. and {Woody}, David P. and {Wouterloot}, Jan G.~A. and {Wright}, Melvin and {Yamaguchi}, Paul and {Yu}, Chen-Yu and {Zeballos}, Milagros and {Zhang}, Shuo and {Ziurys}, Lucy},
        title = "{First M87 Event Horizon Telescope Results. I. The Shadow of the Supermassive Black Hole}",
      journal = {\apjl},
     keywords = {accretion, accretion disks, black hole physics, galaxies: active, galaxies: individual: M87, galaxies: jets, gravitation, Astrophysics - Astrophysics of Galaxies, Astrophysics - High Energy Astrophysical Phenomena, General Relativity and Quantum Cosmology},
         year = 2019,
        month = apr,
       volume = {875},
       number = {1},
          eid = {L1},
        pages = {L1},
          doi = {10.3847/2041-8213/ab0ec7},
archivePrefix = {arXiv},
       eprint = {1906.11238},
 primaryClass = {astro-ph.GA},
       adsurl = {https://ui.adsabs.harvard.edu/abs/2019ApJ...875L...1E},
      adsnote = {Provided by the SAO/NASA Astrophysics Data System}
}


@ARTICLE{EHT-2022,
       author = {{Event Horizon Telescope Collaboration} and {Akiyama}, Kazunori and {Alberdi}, Antxon and {Alef}, Walter and {Algaba}, Juan Carlos and {Anantua}, Richard and {Asada}, Keiichi and {Azulay}, Rebecca and {Bach}, Uwe and {Baczko}, Anne-Kathrin and {Ball}, David and {Balokovi{\'c}}, Mislav and {Barrett}, John and {Baub{\"o}ck}, Michi and {Benson}, Bradford A. and {Bintley}, Dan and {Blackburn}, Lindy and {Blundell}, Raymond and {Bouman}, Katherine L. and {Bower}, Geoffrey C. and {Boyce}, Hope and {Bremer}, Michael and {Brinkerink}, Christiaan D. and {Brissenden}, Roger and {Britzen}, Silke and {Broderick}, Avery E. and {Broguiere}, Dominique and {Bronzwaer}, Thomas and {Bustamante}, Sandra and {Byun}, Do-Young and {Carlstrom}, John E. and {Ceccobello}, Chiara and {Chael}, Andrew and {Chan}, Chi-kwan and {Chatterjee}, Koushik and {Chatterjee}, Shami and {Chen}, Ming-Tang and {Chen}, Yongjun and {Cheng}, Xiaopeng and {Cho}, Ilje and {Christian}, Pierre and {Conroy}, Nicholas S. and {Conway}, John E. and {Cordes}, James M. and {Crawford}, Thomas M. and {Crew}, Geoffrey B. and {Cruz-Osorio}, Alejandro and {Cui}, Yuzhu and {Davelaar}, Jordy and {De Laurentis}, Mariafelicia and {Deane}, Roger and {Dempsey}, Jessica and {Desvignes}, Gregory and {Dexter}, Jason and {Dhruv}, Vedant and {Doeleman}, Sheperd S. and {Dougal}, Sean and {Dzib}, Sergio A. and {Eatough}, Ralph P. and {Emami}, Razieh and {Falcke}, Heino and {Farah}, Joseph and {Fish}, Vincent L. and {Fomalont}, Ed and {Ford}, H. Alyson and {Fraga-Encinas}, Raquel and {Freeman}, William T. and {Friberg}, Per and {Fromm}, Christian M. and {Fuentes}, Antonio and {Galison}, Peter and {Gammie}, Charles F. and {Garc{\'\i}a}, Roberto and {Gentaz}, Olivier and {Georgiev}, Boris and {Goddi}, Ciriaco and {Gold}, Roman and {G{\'o}mez-Ruiz}, Arturo I. and {G{\'o}mez}, Jos{\'e} L. and {Gu}, Minfeng and {Gurwell}, Mark and {Hada}, Kazuhiro and {Haggard}, Daryl and {Haworth}, Kari and {Hecht}, Michael H. and {Hesper}, Ronald and {Heumann}, Dirk and {Ho}, Luis C. and {Ho}, Paul and {Honma}, Mareki and {Huang}, Chih-Wei L. and {Huang}, Lei and {Hughes}, David H. and {Ikeda}, Shiro and {Impellizzeri}, C.~M. Violette and {Inoue}, Makoto and {Issaoun}, Sara and {James}, David J. and {Jannuzi}, Buell T. and {Janssen}, Michael and {Jeter}, Britton and {Jiang}, Wu and {Jim{\'e}nez-Rosales}, Alejandra and {Johnson}, Michael D. and {Jorstad}, Svetlana and {Joshi}, Abhishek V. and {Jung}, Taehyun and {Karami}, Mansour and {Karuppusamy}, Ramesh and {Kawashima}, Tomohisa and {Keating}, Garrett K. and {Kettenis}, Mark and {Kim}, Dong-Jin and {Kim}, Jae-Young and {Kim}, Jongsoo and {Kim}, Junhan and {Kino}, Motoki and {Koay}, Jun Yi and {Kocherlakota}, Prashant and {Kofuji}, Yutaro and {Koch}, Patrick M. and {Koyama}, Shoko and {Kramer}, Carsten and {Kramer}, Michael and {Krichbaum}, Thomas P. and {Kuo}, Cheng-Yu and {La Bella}, Noemi and {Lauer}, Tod R. and {Lee}, Daeyoung and {Lee}, Sang-Sung and {Leung}, Po Kin and {Levis}, Aviad and {Li}, Zhiyuan and {Lico}, Rocco and {Lindahl}, Greg and {Lindqvist}, Michael and {Lisakov}, Mikhail and {Liu}, Jun and {Liu}, Kuo and {Liuzzo}, Elisabetta and {Lo}, Wen-Ping and {Lobanov}, Andrei P. and {Loinard}, Laurent and {Lonsdale}, Colin J. and {Lu}, Ru-Sen and {Mao}, Jirong and {Marchili}, Nicola and {Markoff}, Sera and {Marrone}, Daniel P. and {Marscher}, Alan P. and {Mart{\'\i}-Vidal}, Iv{\'a}n and {Matsushita}, Satoki and {Matthews}, Lynn D. and {Medeiros}, Lia and {Menten}, Karl M. and {Michalik}, Daniel and {Mizuno}, Izumi and {Mizuno}, Yosuke and {Moran}, James M. and {Moriyama}, Kotaro and {Moscibrodzka}, Monika and {M{\"u}ller}, Cornelia and {Mus}, Alejandro and {Musoke}, Gibwa and {Myserlis}, Ioannis and {Nadolski}, Andrew and {Nagai}, Hiroshi and {Nagar}, Neil M. and {Nakamura}, Masanori and {Narayan}, Ramesh and {Narayanan}, Gopal and {Natarajan}, Iniyan and {Nathanail}, Antonios and {Fuentes}, Santiago Navarro and {Neilsen}, Joey and {Neri}, Roberto and {Ni}, Chunchong and {Noutsos}, Aristeidis and {Nowak}, Michael A. and {Oh}, Junghwan and {Okino}, Hiroki and {Olivares}, H{\'e}ctor and {Ortiz-Le{\'o}n}, Gisela N. and {Oyama}, Tomoaki and {{\"O}zel}, Feryal and {Palumbo}, Daniel C.~M. and {Paraschos}, Georgios Filippos and {Park}, Jongho and {Parsons}, Harriet and {Patel}, Nimesh and {Pen}, Ue-Li and {Pesce}, Dominic W. and {Pi{\'e}tu}, Vincent and {Plambeck}, Richard and {PopStefanija}, Aleksandar and {Porth}, Oliver and {P{\"o}tzl}, Felix M. and {Prather}, Ben and {Preciado-L{\'o}pez}, Jorge A. and {Psaltis}, Dimitrios and {Pu}, Hung-Yi and {Ramakrishnan}, Venkatessh and {Rao}, Ramprasad and {Rawlings}, Mark G. and {Raymond}, Alexander W. and {Rezzolla}, Luciano and {Ricarte}, Angelo and {Ripperda}, Bart and {Roelofs}, Freek and {Rogers}, Alan and {Ros}, Eduardo and {Romero-Ca{\~n}izales}, Cristina and {Roshanineshat}, Arash and {Rottmann}, Helge and {Roy}, Alan L. and {Ruiz}, Ignacio and {Ruszczyk}, Chet and {Rygl}, Kazi L.~J. and {S{\'a}nchez}, Salvador and {S{\'a}nchez-Arg{\"u}elles}, David and {S{\'a}nchez-Portal}, Miguel and {Sasada}, Mahito and {Satapathy}, Kaushik and {Savolainen}, Tuomas and {Schloerb}, F. Peter and {Schonfeld}, Jonathan and {Schuster}, Karl-Friedrich and {Shao}, Lijing and {Shen}, Zhiqiang and {Small}, Des and {Sohn}, Bong Won and {SooHoo}, Jason and {Souccar}, Kamal and {Sun}, He and {Tazaki}, Fumie and {Tetarenko}, Alexandra J. and {Tiede}, Paul and {Tilanus}, Remo P.~J. and {Titus}, Michael and {Torne}, Pablo and {Traianou}, Efthalia and {Trent}, Tyler and {Trippe}, Sascha and {Turk}, Matthew and {van Bemmel}, Ilse and {van Langevelde}, Huib Jan and {van Rossum}, Daniel R. and {Vos}, Jesse and {Wagner}, Jan and {Ward-Thompson}, Derek and {Wardle}, John and {Weintroub}, Jonathan and {Wex}, Norbert and {Wharton}, Robert and {Wielgus}, Maciek and {Wiik}, Kaj and {Witzel}, Gunther and {Wondrak}, Michael F. and {Wong}, George N. and {Wu}, Qingwen and {Yamaguchi}, Paul and {Yoon}, Doosoo and {Young}, Andr{\'e} and {Young}, Ken and {Younsi}, Ziri and {Yuan}, Feng and {Yuan}, Ye-Fei and {Zensus}, J. Anton and {Zhang}, Shuo and {Zhao}, Guang-Yao and {Zhao}, Shan-Shan and {Agurto}, Claudio and {Allardi}, Alexander and {Amestica}, Rodrigo and {Araneda}, Juan Pablo and {Arriagada}, Oriel and {Berghuis}, Jennie L. and {Bertarini}, Alessandra and {Berthold}, Ryan and {Blanchard}, Jay and {Brown}, Ken and {C{\'a}rdenas}, Mauricio and {Cantzler}, Michael and {Caro}, Patricio and {Castillo-Dom{\'\i}nguez}, Edgar and {Chan}, Tin Lok and {Chang}, Chih-Cheng and {Chang}, Dominic O. and {Chang}, Shu-Hao and {Chang}, Song-Chu and {Chen}, Chung-Chen and {Chilson}, Ryan and {Chuter}, Tim C. and {Ciechanowicz}, Miroslaw and {Colin-Beltran}, Edgar and {Coulson}, Iain M. and {Crowley}, Joseph and {Degenaar}, Nathalie and {Dornbusch}, Sven and {Dur{\'a}n}, Carlos A. and {Everett}, Wendeline B. and {Faber}, Aaron and {Forster}, Karl and {Fuchs}, Miriam M. and {Gale}, David M. and {Geertsema}, Gertie and {Gonz{\'a}lez}, Edouard and {Graham}, Dave and {Gueth}, Fr{\'e}d{\'e}ric and {Halverson}, Nils W. and {Han}, Chih-Chiang and {Han}, Kuo-Chang and {Hasegawa}, Yutaka and {Hern{\'a}ndez-Rebollar}, Jos{\'e} Luis and {Herrera}, Cristian and {Herrero-Illana}, Ruben and {Heyminck}, Stefan and {Hirota}, Akihiko and {Hoge}, James and {Hostler Schimpf}, Shelbi R. and {Howie}, Ryan E. and {Huang}, Yau-De and {Jiang}, Homin and {Jinchi}, Hao and {John}, David and {Kimura}, Kimihiro and {Klein}, Thomas and {Kubo}, Derek and {Kuroda}, John and {Kwon}, Caleb and {Lacasse}, Richard and {Laing}, Robert and {Leitch}, Erik M. and {Li}, Chao-Te and {Liu}, Ching-Tang and {Liu}, Kuan-Yu and {Lin}, Lupin C. -C. and {Lu}, Li-Ming and {Mac-Auliffe}, Felipe and {Martin-Cocher}, Pierre and {Matulonis}, Callie and {Maute}, John K. and {Messias}, Hugo and {Meyer-Zhao}, Zheng and {Monta{\~n}a}, Alfredo and {Montenegro-Montes}, Francisco and {Montgomerie}, William and {Moreno Nolasco}, Marcos Emir and {Muders}, Dirk and {Nishioka}, Hiroaki and {Norton}, Timothy J. and {Nystrom}, George and {Ogawa}, Hideo and {Olivares}, Rodrigo and {Oshiro}, Peter and {P{\'e}rez-Beaupuits}, Juan Pablo and {Parra}, Rodrigo and {Phillips}, Neil M. and {Poirier}, Michael and {Pradel}, Nicolas and {Qiu}, Richard and {Raffin}, Philippe A. and {Rahlin}, Alexandra S. and {Ram{\'\i}rez}, Jorge and {Ressler}, Sean and {Reynolds}, Mark and {Rodr{\'\i}guez-Montoya}, Iv{\'a}n and {Saez-Madain}, Alejandro F. and {Santana}, Jorge and {Shaw}, Paul and {Shirkey}, Leslie E. and {Silva}, Kevin M. and {Snow}, William and {Sousa}, Don and {Sridharan}, T.~K. and {Stahm}, William and {Stark}, Anthony A. and {Test}, John and {Torstensson}, Karl and {Venegas}, Paulina and {Walther}, Craig and {Wei}, Ta-Shun and {White}, Chris and {Wieching}, Gundolf and {Wijnands}, Rudy and {Wouterloot}, Jan G.~A. and {Yu}, Chen-Yu and {Yu}, Wei and {Zeballos}, Milagros},
        title = "{First Sagittarius A* Event Horizon Telescope Results. I. The Shadow of the Supermassive Black Hole in the Center of the Milky Way}",
      journal = {\apjl},
     keywords = {Black holes, Kerr black holes, Rotating black holes, Heterodyne interferometry, Galactic center, 162, 886, 1406, 726, 565},
         year = 2022,
        month = may,
       volume = {930},
       number = {2},
          eid = {L12},
        pages = {L12},
          doi = {10.3847/2041-8213/ac6674},
       adsurl = {https://ui.adsabs.harvard.edu/abs/2022ApJ...930L..12E},
      adsnote = {Provided by the SAO/NASA Astrophysics Data System}
}


@ARTICLE{Begelman+1980,
       author = {{Begelman}, M.~C. and {Blandford}, R.~D. and {Rees}, M.~J.},
        title = "{Massive black hole binaries in active galactic nuclei}",
      journal = {\nat},
     keywords = {Active Galactic Nuclei, Binary Stars, Black Holes (Astronomy), Stellar Evolution, Supermassive Stars, Astrophysics, Orbital Elements, Astrophysics},
         year = 1980,
        month = sep,
       volume = {287},
       number = {5780},
        pages = {307-309},
          doi = {10.1038/287307a0},
       adsurl = {https://ui.adsabs.harvard.edu/abs/1980Natur.287..307B},
      adsnote = {Provided by the SAO/NASA Astrophysics Data System}
}


@ARTICLE{Peters+Mathews-1963,
       author = {{Peters}, P.~C. and {Mathews}, J.},
        title = "{Gravitational Radiation from Point Masses in a Keplerian Orbit}",
      journal = {Physical Review},
         year = 1963,
        month = jul,
       volume = {131},
       number = {1},
        pages = {435-440},
          doi = {10.1103/PhysRev.131.435},
       adsurl = {https://ui.adsabs.harvard.edu/abs/1963PhRv..131..435P},
      adsnote = {Provided by the SAO/NASA Astrophysics Data System}
}


@ARTICLE{Hogg-1999,
       author = {{Hogg}, David W.},
        title = "{Distance measures in cosmology}",
      journal = {arXiv e-prints},
     keywords = {Astrophysics},
         year = 1999,
        month = may,
          eid = {astro-ph/9905116},
        pages = {astro-ph/9905116},
          doi = {10.48550/arXiv.astro-ph/9905116},
archivePrefix = {arXiv},
       eprint = {astro-ph/9905116},
 primaryClass = {astro-ph},
       adsurl = {https://ui.adsabs.harvard.edu/abs/1999astro.ph..5116H},
      adsnote = {Provided by the SAO/NASA Astrophysics Data System}
}


@ARTICLE{Kelley+2017a,
       author = {{Kelley}, Luke Zoltan and {Blecha}, Laura and {Hernquist}, Lars},
        title = "{Massive black hole binary mergers in dynamical galactic environments}",
      journal = {\mnras},
     keywords = {gravitational waves, galaxies: evolution, galaxies: kinematics and dynamics, galaxies: nuclei, quasars: supermassive black holes, Astrophysics - High Energy Astrophysical Phenomena, Astrophysics - Astrophysics of Galaxies},
         year = 2017,
        month = jan,
       volume = {464},
       number = {3},
        pages = {3131-3157},
          doi = {10.1093/mnras/stw2452},
archivePrefix = {arXiv},
       eprint = {1606.01900},
 primaryClass = {astro-ph.HE},
       adsurl = {https://ui.adsabs.harvard.edu/abs/2017MNRAS.464.3131K},
      adsnote = {Provided by the SAO/NASA Astrophysics Data System}
}


@ARTICLE{Kelley+2017b,
       author = {{Kelley}, Luke Zoltan and {Blecha}, Laura and {Hernquist}, Lars and {Sesana}, Alberto and {Taylor}, Stephen R.},
        title = "{The gravitational wave background from massive black hole binaries in Illustris: spectral features and time to detection with pulsar timing arrays}",
      journal = {\mnras},
     keywords = {gravitational waves, galaxies: kinematics and dynamics, quasars: supermassive black holes, Astrophysics - High Energy Astrophysical Phenomena},
         year = 2017,
        month = nov,
       volume = {471},
       number = {4},
        pages = {4508-4526},
          doi = {10.1093/mnras/stx1638},
archivePrefix = {arXiv},
       eprint = {1702.02180},
 primaryClass = {astro-ph.HE},
       adsurl = {https://ui.adsabs.harvard.edu/abs/2017MNRAS.471.4508K},
      adsnote = {Provided by the SAO/NASA Astrophysics Data System}
}


@ARTICLE{Siemens+2013,
       author = {{Siemens}, Xavier and {Ellis}, Justin and {Jenet}, Fredrick and {Romano}, Joseph D.},
        title = "{The stochastic background: scaling laws and time to detection for pulsar timing arrays}",
      journal = {Classical and Quantum Gravity},
     keywords = {Astrophysics - Instrumentation and Methods for Astrophysics, Astrophysics - Cosmology and Nongalactic Astrophysics},
         year = 2013,
        month = nov,
       volume = {30},
       number = {22},
          eid = {224015},
        pages = {224015},
          doi = {10.1088/0264-9381/30/22/224015},
archivePrefix = {arXiv},
       eprint = {1305.3196},
 primaryClass = {astro-ph.IM},
       adsurl = {https://ui.adsabs.harvard.edu/abs/2013CQGra..30v4015S},
      adsnote = {Provided by the SAO/NASA Astrophysics Data System}
}


@ARTICLE{Chandrasekhar-1943,
       author = {{Chandrasekhar}, S.},
        title = "{Dynamical Friction. I. General Considerations: the Coefficient of Dynamical Friction.}",
      journal = {\apj},
         year = 1943,
        month = mar,
       volume = {97},
        pages = {255},
          doi = {10.1086/144517},
       adsurl = {https://ui.adsabs.harvard.edu/abs/1943ApJ....97..255C},
      adsnote = {Provided by the SAO/NASA Astrophysics Data System}
}


@INPROCEEDINGS{Milosavljevic+Merritt-2003,
       author = {{Milosavljevi{\'c}}, Milo{\v{s}} and {Merritt}, David},
        title = "{The Final Parsec Problem}",
     keywords = {04.30.Db, 97.60.Lf, 97.80.Gm, 95.10.Ce, Wave generation and sources, Black holes, Cataclysmic binaries, symbiotic stars, Celestial mechanics, Astrophysics},
    booktitle = {The Astrophysics of Gravitational Wave Sources},
         year = 2003,
       editor = {{Centrella}, Joan M.},
       series = {American Institute of Physics Conference Series},
       volume = {686},
        month = oct,
    publisher = {AIP},
        pages = {201-210},
          doi = {10.1063/1.1629432},
archivePrefix = {arXiv},
       eprint = {astro-ph/0212270},
 primaryClass = {astro-ph},
       adsurl = {https://ui.adsabs.harvard.edu/abs/2003AIPC..686..201M},
      adsnote = {Provided by the SAO/NASA Astrophysics Data System}
}


@ARTICLE{D'Orazio+Charisi-2023,
       author = {{D'Orazio}, Daniel J. and {Charisi}, Maria},
        title = "{Observational Signatures of Supermassive Black Hole Binaries}",
      journal = {arXiv e-prints},
     keywords = {Astrophysics - High Energy Astrophysical Phenomena, Astrophysics - Cosmology and Nongalactic Astrophysics},
         year = 2023,
        month = oct,
          eid = {arXiv:2310.16896},
        pages = {arXiv:2310.16896},
          doi = {10.48550/arXiv.2310.16896},
archivePrefix = {arXiv},
       eprint = {2310.16896},
 primaryClass = {astro-ph.HE},
       adsurl = {https://ui.adsabs.harvard.edu/abs/2023arXiv231016896D},
      adsnote = {Provided by the SAO/NASA Astrophysics Data System}
}


@ARTICLE{Antonucci-1993,
       author = {{Antonucci}, Robert},
        title = "{Unified models for active galactic nuclei and quasars.}",
      journal = {\araa},
     keywords = {Active Galactic Nuclei, Astronomical Polarimetry, Quasars, Radio Galaxies, Astronomical Spectroscopy, Bl Lacertae Objects, Blazars, Astrophysics},
         year = 1993,
        month = jan,
       volume = {31},
        pages = {473-521},
          doi = {10.1146/annurev.aa.31.090193.002353},
       adsurl = {https://ui.adsabs.harvard.edu/abs/1993ARA&A..31..473A},
      adsnote = {Provided by the SAO/NASA Astrophysics Data System}
}


@ARTICLE{Netzer-2015,
       author = {{Netzer}, Hagai},
        title = "{Revisiting the Unified Model of Active Galactic Nuclei}",
      journal = {\araa},
     keywords = {Astrophysics - Astrophysics of Galaxies},
         year = 2015,
        month = aug,
       volume = {53},
        pages = {365-408},
          doi = {10.1146/annurev-astro-082214-122302},
archivePrefix = {arXiv},
       eprint = {1505.00811},
 primaryClass = {astro-ph.GA},
       adsurl = {https://ui.adsabs.harvard.edu/abs/2015ARA&A..53..365N},
      adsnote = {Provided by the SAO/NASA Astrophysics Data System}
}


@ARTICLE{Milosavljevic+Merrit-2003,
       author = {{Milosavljevi{\'c}}, Milo{\v{s}} and {Merritt}, David},
        title = "{Long-Term Evolution of Massive Black Hole Binaries}",
      journal = {\apj},
     keywords = {Black Hole Physics, Galaxies: Nuclei, Stellar Dynamics, Astrophysics},
         year = 2003,
        month = oct,
       volume = {596},
       number = {2},
        pages = {860-878},
          doi = {10.1086/378086},
archivePrefix = {arXiv},
       eprint = {astro-ph/0212459},
 primaryClass = {astro-ph},
       adsurl = {https://ui.adsabs.harvard.edu/abs/2003ApJ...596..860M},
      adsnote = {Provided by the SAO/NASA Astrophysics Data System}
}


@ARTICLE{Yu-2002,
       author = {{Yu}, Qingjuan},
        title = "{Evolution of massive binary black holes}",
      journal = {\mnras},
     keywords = {black hole physics, galaxies: evolution, galaxies: interactions, galaxies: kinematics and dynamics, galaxies: nuclei, Astrophysics},
         year = 2002,
        month = apr,
       volume = {331},
       number = {4},
        pages = {935-958},
          doi = {10.1046/j.1365-8711.2002.05242.x},
archivePrefix = {arXiv},
       eprint = {astro-ph/0109530},
 primaryClass = {astro-ph},
       adsurl = {https://ui.adsabs.harvard.edu/abs/2002MNRAS.331..935Y},
      adsnote = {Provided by the SAO/NASA Astrophysics Data System}
}


@ARTICLE{Rodriguez+2006,
       author = {{Rodriguez}, C. and {Taylor}, G.~B. and {Zavala}, R.~T. and {Peck}, A.~B. and {Pollack}, L.~K. and {Romani}, R.~W.},
        title = "{A Compact Supermassive Binary Black Hole System}",
      journal = {\apj},
     keywords = {Galaxies: Active, Galaxies: Individual: Alphanumeric: 0402+379, Radio Continuum: Galaxies, Radio Lines: Galaxies, Astrophysics},
         year = 2006,
        month = jul,
       volume = {646},
       number = {1},
        pages = {49-60},
          doi = {10.1086/504825},
archivePrefix = {arXiv},
       eprint = {astro-ph/0604042},
 primaryClass = {astro-ph},
       adsurl = {https://ui.adsabs.harvard.edu/abs/2006ApJ...646...49R},
      adsnote = {Provided by the SAO/NASA Astrophysics Data System}
}

@ARTICLE{D'Orazio+DiStefano-2018,
       author = {{D'Orazio}, Daniel J. and {Di Stefano}, Rosanne},
        title = "{Periodic self-lensing from accreting massive black hole binaries}",
      journal = {\mnras},
     keywords = {accretion, accretion discs, gravitational lensing: micro, quasars: supermassive black holes, Astrophysics - High Energy Astrophysical Phenomena},
         year = 2018,
        month = mar,
       volume = {474},
       number = {3},
        pages = {2975-2986},
          doi = {10.1093/mnras/stx2936},
archivePrefix = {arXiv},
       eprint = {1707.02335},
 primaryClass = {astro-ph.HE},
       adsurl = {https://ui.adsabs.harvard.edu/abs/2018MNRAS.474.2975D},
      adsnote = {Provided by the SAO/NASA Astrophysics Data System}
}


@ARTICLE{D'Orazio+2015,
       author = {{D'Orazio}, Daniel J. and {Haiman}, Zolt{\'a}n and {Schiminovich}, David},
        title = "{Relativistic boost as the cause of periodicity in a massive black-hole binary candidate}",
      journal = {\nat},
     keywords = {Astrophysics - High Energy Astrophysical Phenomena, General Relativity and Quantum Cosmology},
         year = 2015,
        month = sep,
       volume = {525},
       number = {7569},
        pages = {351-353},
          doi = {10.1038/nature15262},
archivePrefix = {arXiv},
       eprint = {1509.04301},
 primaryClass = {astro-ph.HE},
       adsurl = {https://ui.adsabs.harvard.edu/abs/2015Natur.525..351D},
      adsnote = {Provided by the SAO/NASA Astrophysics Data System}
}


@ARTICLE{Farris+2014,
       author = {{Farris}, Brian D. and {Duffell}, Paul and {MacFadyen}, Andrew I. and {Haiman}, Zoltan},
        title = "{Binary Black Hole Accretion from a Circumbinary Disk: Gas Dynamics inside the Central Cavity}",
      journal = {\apj},
     keywords = {accretion, accretion disks, black hole physics, Astrophysics - High Energy Astrophysical Phenomena},
         year = 2014,
        month = mar,
       volume = {783},
       number = {2},
          eid = {134},
        pages = {134},
          doi = {10.1088/0004-637X/783/2/134},
archivePrefix = {arXiv},
       eprint = {1310.0492},
 primaryClass = {astro-ph.HE},
       adsurl = {https://ui.adsabs.harvard.edu/abs/2014ApJ...783..134F},
      adsnote = {Provided by the SAO/NASA Astrophysics Data System}
}


@ARTICLE{Kelley+2021,
       author = {{Kelley}, Luke Zoltan},
        title = "{Basic considerations for the observability of kinematically offset binary AGN}",
      journal = {\mnras},
     keywords = {accretion, accretion discs, gravitational waves, quasars: emission lines, quasars: supermassive black holes, black hole mergers, Astrophysics - High Energy Astrophysical Phenomena, Astrophysics - Astrophysics of Galaxies},
         year = 2021,
        month = jan,
       volume = {500},
       number = {3},
        pages = {4065-4077},
          doi = {10.1093/mnras/staa3219},
archivePrefix = {arXiv},
       eprint = {2005.10255},
 primaryClass = {astro-ph.HE},
       adsurl = {https://ui.adsabs.harvard.edu/abs/2021MNRAS.500.4065K},
      adsnote = {Provided by the SAO/NASA Astrophysics Data System}
}


@ARTICLE{Blecha+2016,
       author = {{Blecha}, Laura and {Sijacki}, Debora and {Kelley}, Luke Zoltan and {Torrey}, Paul and {Vogelsberger}, Mark and {Nelson}, Dylan and {Springel}, Volker and {Snyder}, Gregory and {Hernquist}, Lars},
        title = "{Recoiling black holes: prospects for detection and implications of spin alignment}",
      journal = {\mnras},
     keywords = {accretion, accretion discs, black hole physics, gravitational waves, hydrodynamics, galaxies: active, galaxies: interactions, Astrophysics - Astrophysics of Galaxies, Astrophysics - Cosmology and Nongalactic Astrophysics},
         year = 2016,
        month = feb,
       volume = {456},
       number = {1},
        pages = {961-989},
          doi = {10.1093/mnras/stv2646},
archivePrefix = {arXiv},
       eprint = {1508.01524},
 primaryClass = {astro-ph.GA},
       adsurl = {https://ui.adsabs.harvard.edu/abs/2016MNRAS.456..961B},
      adsnote = {Provided by the SAO/NASA Astrophysics Data System}
}

@ARTICLE{Ryu+2018,
       author = {{Ryu}, Taeho and {Perna}, Rosalba and {Haiman}, Zolt{\'a}n and {Ostriker}, Jeremiah P. and {Stone}, Nicholas C.},
        title = "{Interactions between multiple supermassive black holes in galactic nuclei: a solution to the final parsec problem}",
      journal = {\mnras},
     keywords = {gravitational waves, Galaxy: evolution, Galaxy: kinematics and dynamics, Galaxy: nucleus, quasars: general, Astrophysics - Astrophysics of Galaxies},
         year = 2018,
        month = jan,
       volume = {473},
       number = {3},
        pages = {3410-3433},
          doi = {10.1093/mnras/stx2524},
archivePrefix = {arXiv},
       eprint = {1709.06501},
 primaryClass = {astro-ph.GA},
       adsurl = {https://ui.adsabs.harvard.edu/abs/2018MNRAS.473.3410R},
      adsnote = {Provided by the SAO/NASA Astrophysics Data System}
}

@ARTICLE{Bonetti+2018,
       author = {{Bonetti}, Matteo and {Sesana}, Alberto and {Barausse}, Enrico and {Haardt}, Francesco},
        title = "{Post-Newtonian evolution of massive black hole triplets in galactic nuclei - III. A robust lower limit to the nHz stochastic background of gravitational waves}",
      journal = {\mnras},
     keywords = {black hole physics, gravitation, gravitational waves, methods: numerical, galaxies: kinematics and dynamics, Astrophysics - Astrophysics of Galaxies, Astrophysics - Cosmology and Nongalactic Astrophysics, General Relativity and Quantum Cosmology},
         year = 2018,
        month = jun,
       volume = {477},
       number = {2},
        pages = {2599-2612},
          doi = {10.1093/mnras/sty874},
archivePrefix = {arXiv},
       eprint = {1709.06095},
 primaryClass = {astro-ph.GA},
       adsurl = {https://ui.adsabs.harvard.edu/abs/2018MNRAS.477.2599B},
      adsnote = {Provided by the SAO/NASA Astrophysics Data System}
}

